country,campaign,is_mojo_campaign,date,budget,spend,impressions,clicks,conversions,revenue,ctr,cpc,roas,budget_utilization
Australia,EVAGO Construction Safety,False,2023-01-31,22652.977657707786,20483.93232772617,1137446,29796,1369,182118.51709667448,0.026195529282269224,0.687472557649556,8.8907986114642,0.9042489970741842
Australia,EVAGO Construction Safety,False,2023-02-28,26322.015294215213,23927.647138264423,976189,25769,1113,147786.7838731731,0.026397552113371487,0.9285438759076574,6.176402678424516,0.9090355305554054
Australia,EVAGO Construction Safety,False,2023-03-31,21165.354818981534,18959.785486430377,950020,21650,1044,149467.9637825927,0.02278899391591756,0.875740669119186,7.883420616207275,0.8957934156353875
Australia,EVAGO Construction Safety,False,2023-04-30,26327.940109924202,23987.961514631694,760506,20418,1093,145030.45079346155,0.02684791441487641,1.1748438394863205,6.04596812884658,0.9111218505692945
Australia,EVAGO Construction Safety,False,2023-05-31,25502.92887728542,22800.61344614072,1180968,26062,1210,200141.4942167353,0.022068337160702067,0.8748604652805126,8.777899537199149,0.8940390162970042
Australia,EVAGO Construction Safety,False,2023-06-30,27282.034636027096,24725.54735790007,1116107,29501,1334,184020.8304497678,0.026432053557589014,0.8381257366835047,7.442538188784371,0.9062941121425353
Australia,EVAGO Construction Safety,False,2023-07-31,21921.109610997457,20332.822237913068,938722,24107,1319,191416.84839118135,0.025680659449762548,0.843440587294689,9.414179996826064,0.9275453021644684
Australia,EVAGO Construction Safety,False,2023-08-31,27901.15883598738,25908.090806419317,930925,22784,1021,145914.2880592232,0.024474581733222332,1.1371177495794995,5.63199693676655,0.9285668369086746
Australia,EVAGO Construction Safety,False,2023-09-30,20909.784949048113,18494.771327233982,923520,22756,1186,179923.9728503653,0.02464050589050589,0.8127426317118115,9.728369692542403,0.8845031822326767
Australia,EVAGO Construction Safety,False,2023-10-31,23657.78551737459,20981.862172943594,1250784,31962,1547,204196.34114310576,0.02555357279914038,0.6564627424111005,9.732040915149076,0.8868903709324036
Australia,EVAGO Construction Safety,False,2023-11-30,24225.035212228817,21305.047021277056,958875,23113,1099,159263.4869642247,0.02410428888019815,0.9217776585158594,7.475387724099855,0.8794640269716616
Australia,EVAGO Construction Safety,False,2023-12-31,27722.07456454433,24625.671536002967,1018164,24426,1144,192910.87627970293,0.02399024125779344,1.0081745490871599,7.8337305846732095,0.8883055082572512
Australia,EVAGO Construction Safety,False,2024-01-31,28055.30771570828,25622.535020637326,1187241,31585,1642,268525.53984731226,0.026603697143208496,0.8112247909019258,10.480053579047974,0.913286543861045
Australia,EVAGO Construction Safety,False,2024-02-29,25603.581812564273,22933.233200412877,1063674,25504,1312,228226.256718727,0.023977271231599154,0.8992014272432903,9.951769762434463,0.8957040998521154
Australia,EVAGO Construction Safety,False,2024-03-31,23697.17354546446,20764.758570844013,1041347,23256,1184,207909.89345160476,0.022332613432410137,0.8928774755264883,10.012632352178317,0.8762546525224019
Australia,EVAGO Construction Safety,False,2024-04-30,25166.921034095485,23002.969682211322,925708,21022,1083,170584.90571724196,0.022709104814909238,1.0942331691661746,7.415777531070644,0.914016047137729
Australia,EVAGO Construction Safety,False,2024-05-31,26046.35530255294,23656.11470215716,1000823,27718,1340,217140.28269717924,0.027695206844766757,0.8534567682429165,9.179034065022462,0.908231283316576
Australia,EVAGO Construction Safety,False,2024-06-30,20397.643017744937,18434.018669666508,985621,24922,1160,165575.27122917367,0.02528558137458516,0.7396685125458032,8.982049665688502,0.9037327819508277
Australia,EVAGO Construction Safety,False,2024-07-31,21947.667173213213,19532.006453074668,985515,26549,1444,225932.39510287042,0.02693921452235633,0.7356965028089445,11.56729062350401,0.8899354222444734
Australia,EVAGO Construction Safety,False,2024-08-31,22415.43587518303,21004.413786193065,1068307,26688,1349,207943.44970119503,0.02498158300937839,0.7870358882716226,9.899988250940073,0.9370513204897274
Australia,EVAGO Construction Safety,False,2024-09-30,22803.334642577054,20579.157700163203,981786,23048,1132,191417.99729756394,0.023475584292299952,0.8928825798404721,9.30154674387115,0.9024626451667732
Australia,EVAGO Construction Safety,False,2024-10-31,21711.543658115592,19388.950717987387,1042427,24423,1375,202103.1654513635,0.023428978719852805,0.793880797526405,10.423625723277006,0.8930249743315677
Australia,EVAGO Construction Safety,False,2024-11-30,26579.92932500398,23972.54327905459,939910,20224,1028,165217.0155714228,0.021516953750891042,1.185351230174772,6.891926886863816,0.9019039511329099
Australia,EVAGO Construction Safety,False,2024-12-31,22655.31097596382,21467.617039638604,950729,22279,986,150163.5667610009,0.023433596745234448,0.9635808177942728,6.9948875314727905,0.9475754741311959
Australia,EVAGO Corporate Events,False,2023-01-31,22408.022633935554,20093.128024629787,1171551,31729,1513,226803.00169607103,0.027082901213860942,0.6332732838926467,11.287590534338909,0.8966934902234522
Australia,EVAGO Corporate Events,False,2023-02-28,24580.07445067162,21623.202247986883,765643,20047,1106,158750.91739342202,0.026183221161820848,1.0786253428436616,7.341693222529133,0.8797045058338323
Australia,EVAGO Corporate Events,False,2023-03-31,23685.622348563495,21664.069901100993,1021956,27132,1517,162482.97333507345,0.02654908821906227,0.7984693314573563,7.500113047863453,0.9146506510273265
Australia,EVAGO Corporate Events,False,2023-04-30,23537.52375381913,20978.48591812647,854854,21370,1071,150137.38973262114,0.024998420782964107,0.9816792661734426,7.156731439941281,0.8912783748002617
Australia,EVAGO Corporate Events,False,2023-05-31,24599.965107960747,21374.296187426953,1016868,25602,1294,209403.6041934064,0.025177309149270112,0.8348682207416199,9.796982429605533,0.8688750611483615
Australia,EVAGO Corporate Events,False,2023-06-30,25399.960906156874,22753.281493967497,900527,23120,1074,142700.84799063136,0.025673855420215053,0.9841384729224696,6.271660113222137,0.8957998627648348
Australia,EVAGO Corporate Events,False,2023-07-31,27903.33572584911,25123.32527372226,1126954,23743,1016,174343.55916318676,0.02106829560035281,1.0581360937422508,6.939509689250467,0.900369960085041
Australia,EVAGO Corporate Events,False,2023-08-31,25614.936481943074,22321.13014243747,1077513,27907,1406,196574.76052921676,0.025899455505409216,0.7998398302374841,8.806667013489792,0.8714107160942003
Australia,EVAGO Corporate Events,False,2023-09-30,23604.40138440542,20325.428766517645,955771,26069,1435,188744.60665485158,0.027275361985245418,0.7796781144853138,9.286131614884953,0.8610863895894401
Australia,EVAGO Corporate Events,False,2023-10-31,31082.36138094819,28203.999825544466,1056816,25342,1114,189662.77226808993,0.02397957638794265,1.1129350416519797,6.724676409064209,0.9073956601904769
Australia,EVAGO Corporate Events,False,2023-11-30,22229.121351629696,20193.413061108142,1040166,25181,1121,163306.89950205781,0.024208635929265136,0.8019305452963799,8.087137078208022,0.9084215584448951
Australia,EVAGO Corporate Events,False,2023-12-31,25343.46537749527,22735.023003388043,1227242,29570,1548,280092.70901432936,0.024094677333402866,0.7688543457351384,12.319877968568102,0.897076333672052
Australia,EVAGO Corporate Events,False,2024-01-31,28869.097511006,25567.147984757317,1006559,26137,1317,185230.72004186007,0.025966684516257863,0.9781974972168694,7.24487221462055,0.8856233893356087
Australia,EVAGO Corporate Events,False,2024-02-29,23528.90464480399,21019.980906167384,976210,23833,1073,167888.66312469516,0.024413804406838692,0.8819695760570379,7.987098745433953,0.8933684429210917
Australia,EVAGO Corporate Events,False,2024-03-31,21059.37639974177,18650.863221793585,893966,20690,1073,143442.20138293598,0.023144056932814,0.9014433649972733,7.6909148749385166,0.8856322650666086
Australia,EVAGO Corporate Events,False,2024-04-30,20839.346230672352,18772.311800994008,1039732,24543,1166,141784.3947696576,0.023605121319724698,0.7648743756262074,7.55284678161749,0.9008109752197512
Australia,EVAGO Corporate Events,False,2024-05-31,25307.650219357296,23098.23204396367,1009058,27245,1399,201595.64234198845,0.02700043010411691,0.8477971019990337,8.727752061641965,0.9126976168769835
Australia,EVAGO Corporate Events,False,2024-06-30,22915.45109488321,20654.64276931526,1105495,26614,1460,238120.45589879068,0.024074283465777772,0.7760818655337514,11.528664937867857,0.9013413126275848
Australia,EVAGO Corporate Events,False,2024-07-31,24747.974451733902,21674.20936149553,849119,22827,1025,159256.40785459755,0.02688315771994267,0.9494988111225974,7.347737820486237,0.8757973063115467
Australia,EVAGO Corporate Events,False,2024-08-31,23557.214193820746,21205.105215621246,972000,23706,1266,186900.94006261232,0.02438888888888889,0.8945037212360266,8.813959570685236,0.9001533475542929
Australia,EVAGO Corporate Events,False,2024-09-30,27720.03522211197,24577.95653454465,1002259,26600,1280,190873.7716500539,0.026540046036004666,0.9239833283663402,7.766055383073782,0.886649542022915
Australia,EVAGO Corporate Events,False,2024-10-31,25515.06636807602,23211.808375724588,925349,22947,1110,147745.23293347325,0.024798211269477788,1.0115399998136831,6.365089291706734,0.9097294924055841
Australia,EVAGO Corporate Events,False,2024-11-30,22070.851560725874,20094.04433266928,1000697,22862,1053,148705.08760857364,0.022846076284829472,0.8789276674249532,7.4004558339112485,0.9104335769457017
Australia,EVAGO Corporate Events,False,2024-12-31,22184.926827949927,19725.362519178187,1034836,24327,1146,154962.66921645316,0.023508072776749166,0.8108423775713481,7.856011217324351,0.8891335397296406
Australia,EVAGO Crowd Control,False,2023-01-31,25045.35385929686,22323.775023542647,1022686,25791,1471,229064.31536390202,0.025218884388756666,0.8655645389299619,10.261002680878608,0.8913339834987414
Australia,EVAGO Crowd Control,False,2023-02-28,18667.2990892106,16659.23074442493,948499,23988,1175,159460.04292860578,0.02529048528253588,0.6944818552786781,9.571873117969126,0.8924285545975797
Australia,EVAGO Crowd Control,False,2023-03-31,28936.195253817288,25643.000353609437,926529,26691,1448,184863.67173092137,0.028807517087970264,0.9607358418047071,7.209127995230888,0.8861911570847101
Australia,EVAGO Crowd Control,False,2023-04-30,27180.503658965656,24913.007341775683,858162,21624,1056,145652.25112616122,0.025198039530997644,1.1520998585726823,5.846433918153368,0.9165763686486352
Australia,EVAGO Crowd Control,False,2023-05-31,25027.788091379265,23200.186731464302,1012279,27227,1513,215721.52765715975,0.02689673499104496,0.8521022048504904,9.29826686974878,0.9269771122704817
Australia,EVAGO Crowd Control,False,2023-06-30,23688.28003427835,21099.362086236004,947912,23374,1180,179273.05588804994,0.024658407109520716,0.9026851239084455,8.496610236619299,0.8907089098788081
Australia,EVAGO Crowd Control,False,2023-07-31,23702.652386228678,21385.36822761571,1094741,26994,1422,229390.50287974227,0.02465788711667874,0.7922267254803181,10.726516393742612,0.9022352384512327
Australia,EVAGO Crowd Control,False,2023-08-31,25835.226254737318,24464.883391870597,928823,24336,1249,220531.9082201987,0.026200901571128192,1.0052959973648339,9.014222740725547,0.9469583564178988
Australia,EVAGO Crowd Control,False,2023-09-30,29327.753174460766,25999.710499217515,913820,22339,1203,172086.98642505414,0.024445733295397343,1.1638708312465873,6.618803945152899,0.8865224125610351
Australia,EVAGO Crowd Control,False,2023-10-31,22391.099135695804,19482.366772521702,1009220,26502,1556,231588.51688041192,0.026259883870712035,0.7351281704219191,11.88708330894626,0.8700942572963284
Australia,EVAGO Crowd Control,False,2023-11-30,22017.832059905668,20243.84436126075,997561,22650,1102,173966.4963603119,0.022705378417961407,0.8937679629695696,8.59355037787287,0.9194295017866297
Australia,EVAGO Crowd Control,False,2023-12-31,24923.14660656948,21794.0408343878,946261,23954,1023,170460.56441321678,0.025314368868631382,0.9098288734402522,7.821429982101116,0.8744498107892653
Australia,EVAGO Crowd Control,False,2024-01-31,25254.536905427907,22060.40459366095,1048872,25444,1234,169509.43805609288,0.024258441449480965,0.8670179450424835,7.683877117321836,0.8735224358408074
Australia,EVAGO Crowd Control,False,2024-02-29,27804.4461683477,24974.426018330298,1029602,25094,1052,157632.04490836905,0.02437252452889563,0.9952349572937873,6.311738447669348,0.8982169926031806
Australia,EVAGO Crowd Control,False,2024-03-31,21463.265207785746,18735.978211807265,1080486,28993,1481,231824.67475443467,0.02683329538744602,0.6462241993518182,12.373235714393637,0.8729323348719018
Australia,EVAGO Crowd Control,False,2024-04-30,18601.776488537762,17031.659372364862,947435,28054,1469,190792.3796583991,0.029610474597201918,0.6071027080760271,11.202219084299793,0.9155931629895461
Australia,EVAGO Crowd Control,False,2024-05-31,24272.07462165571,22034.682329176438,1045259,26648,1403,213971.5683392357,0.025494159820676023,0.8268794029261647,9.710671801059409,0.9078203108982265
Australia,EVAGO Crowd Control,False,2024-06-30,25654.105000097043,22869.348286898723,994288,27077,1181,167597.071060616,0.02723255233896014,0.8446042134246307,7.328458553260487,0.8914498590698141
Australia,EVAGO Crowd Control,False,2024-07-31,25167.23365642492,22802.35911318559,950741,24129,1278,178848.60726278016,0.025379151630149536,0.9450188202240287,7.8434256023693605,0.9060335921093337
Australia,EVAGO Crowd Control,False,2024-08-31,19748.31006642991,18062.135147116416,1135281,26851,1259,172545.99426654854,0.023651413174359474,0.6726801663668547,9.552912369504398,0.9146167487931124
Australia,EVAGO Crowd Control,False,2024-09-30,23292.23953855241,21025.78046438518,806968,20380,1043,150655.04853949742,0.025255028700022802,1.0316869707745429,7.165253570239004,0.902694669165845
Australia,EVAGO Crowd Control,False,2024-10-31,24141.738451011584,22795.44530986809,936360,21625,1014,170498.05004442582,0.023094749882523816,1.0541246386066168,7.479478804944321,0.9442337947668767
Australia,EVAGO Crowd Control,False,2024-11-30,24269.320683993,21797.523522849864,802725,20064,920,128580.42209671247,0.02499486125385406,1.0863996971117356,5.8988546089616305,0.8981513659435294
Australia,EVAGO Crowd Control,False,2024-12-31,20438.152808368613,18145.7740882087,994558,26109,1228,200468.75732751164,0.026251862636467657,0.6950007310968899,11.047682857342426,0.887838262995016
Australia,EVAGO Event Infrastructure,False,2023-01-31,26323.989867157317,24028.152215542184,1119098,26612,1460,220909.40093790606,0.023779865570307517,0.9029066667496687,9.193773992950433,0.9127853466286471
Australia,EVAGO Event Infrastructure,False,2023-02-28,27505.48196820971,25727.434637061448,904185,23990,1191,182236.0016186335,0.02653218091430404,1.07242328624683,7.083333577150165,0.9353566197020908
Australia,EVAGO Event Infrastructure,False,2023-03-31,22142.208061639867,19816.17323397013,1075295,24161,1247,174443.1234604198,0.022469182875396985,0.8201718982645639,8.803068150483183,0.8949501864857163
Australia,EVAGO Event Infrastructure,False,2023-04-30,22979.35450419416,20966.395482891046,912500,21252,1123,150374.92183132403,0.02328986301369863,0.986561052272306,7.1721876063070855,0.9124014114088491
Australia,EVAGO Event Infrastructure,False,2023-05-31,24288.32803039335,21333.82958699129,853855,21706,933,134340.734290304,0.025421178068875862,0.9828540305441487,6.297075437980475,0.8783572735140546
Australia,EVAGO Event Infrastructure,False,2023-06-30,24498.15896493553,22567.422679395368,901451,21434,1096,168640.06829374778,0.023777221390846537,1.0528796621906955,7.472721661198842,0.9211885150919444
Australia,EVAGO Event Infrastructure,False,2023-07-31,27690.079834057287,24343.550811786212,934270,22974,1256,172545.9914291558,0.024590321855566376,1.0596130761637594,7.087954948035587,0.8791433956736004
Australia,EVAGO Event Infrastructure,False,2023-08-31,23976.861154885635,21309.90565722918,1036529,23554,1069,205926.35392643354,0.02272391799939992,0.9047255522301597,9.66340992957775,0.8887696149871969
Australia,EVAGO Event Infrastructure,False,2023-09-30,21632.234322410546,19373.65387601436,941033,23712,1325,202879.19984849103,0.025197841095902056,0.81704005887375,10.471912069187246,0.8955919017548574
Australia,EVAGO Event Infrastructure,False,2023-10-31,27257.024746877847,24234.81318424082,1170533,32048,1593,234116.766395354,0.027378980344851447,0.7562036065976291,9.660349539958212,0.8891217368475549
Australia,EVAGO Event Infrastructure,False,2023-11-30,21914.10528226051,20290.93090668606,993664,21907,1113,157317.5782871182,0.022046687813989437,0.9262304700180791,7.75309812105666,0.9259301552736259
Australia,EVAGO Event Infrastructure,False,2023-12-31,24766.205650541222,22352.565106833805,914078,23294,1244,178959.21612235514,0.02548360205584206,0.95958466157954,8.006204892683314,0.9025429822490927
Australia,EVAGO Event Infrastructure,False,2024-01-31,19192.154666843537,17639.662514749376,1082116,27979,1336,219101.81364467664,0.02585582322043108,0.6304607925497472,12.420975370785865,0.919107980367819
Australia,EVAGO Event Infrastructure,False,2024-02-29,23101.25879202381,20712.984798616915,1002912,25311,1471,235747.43333450734,0.025237508375610222,0.8183392516540996,11.381625373000277,0.896617149095291
Australia,EVAGO Event Infrastructure,False,2024-03-31,21175.368964294914,19144.918531462998,972473,21174,1026,165590.45674649157,0.02177335514713519,0.9041710839455463,8.649316343360676,0.9041126302802287
Australia,EVAGO Event Infrastructure,False,2024-04-30,21757.242456503234,20056.929871203163,860231,22362,1020,139253.70202451566,0.025995343111327073,0.8969202160452179,6.942922118127853,0.921850731373734
Australia,EVAGO Event Infrastructure,False,2024-05-31,21761.31640508536,18483.18112924345,874816,22854,1107,143464.29109681046,0.026124350720608678,0.8087503775813184,7.761883092181908,0.849359514157156
Australia,EVAGO Event Infrastructure,False,2024-06-30,24646.681600779993,22872.478123079298,1079773,27535,1386,226874.63010917068,0.0255007302460795,0.8306692617788014,9.919110158870131,0.9280145089534265
Australia,EVAGO Event Infrastructure,False,2024-07-31,19742.991375586513,18202.56913405588,931327,23734,1176,164243.68823863016,0.02548406735765204,0.7669406393383281,9.023104762247016,0.9219762490786749
Australia,EVAGO Event Infrastructure,False,2024-08-31,26238.44567001044,24136.115266529698,869811,21043,963,128386.47449529512,0.024192611958230005,1.1469902231872688,5.319268369310973,0.9198759549280914
Australia,EVAGO Event Infrastructure,False,2024-09-30,22808.039076443965,20943.919225913865,1035961,26605,1269,205058.17980247102,0.025681468703937695,0.7872174112352515,9.790821745948723,0.9182691749921038
Australia,EVAGO Event Infrastructure,False,2024-10-31,26780.60362064603,24219.57340598971,1002701,22381,1030,150658.3154647195,0.022320711757542876,1.082148849738158,6.220518955443715,0.9043699592834443
Australia,EVAGO Event Infrastructure,False,2024-11-30,27151.81961375836,25138.744861011673,1008810,23720,1213,156525.571146503,0.02351285177585472,1.0598121779515883,6.226467232628727,0.9258585692825307
Australia,EVAGO Event Infrastructure,False,2024-12-31,25827.38881734488,24286.76788193214,1030300,23575,1388,181461.7628062543,0.022881684946132193,1.0301916386821692,7.471630794530328,0.9403493343323153
Australia,EVAGO Festival Equipment,False,2023-01-31,24811.227190549827,22622.779115912585,898783,23219,1023,167667.50840828623,0.02583382195702411,0.9743218534782973,7.411446115846615,0.911796056767769
Australia,EVAGO Festival Equipment,False,2023-02-28,20501.247940542387,18902.248482761675,876644,21255,1064,166835.1160498747,0.02424587403780782,0.8893083266413397,8.826204787331182,0.9220047744206538
Australia,EVAGO Festival Equipment,False,2023-03-31,25126.38193455177,21965.31212624064,1002737,27847,1302,234540.25919123256,0.027770990798185367,0.7887855828721456,10.67775672129154,0.8741931959585362
Australia,EVAGO Festival Equipment,False,2023-04-30,26419.018296714832,24423.682241985818,883634,24295,1214,192207.29594369692,0.02749441510851778,1.0052966553606018,7.8697099822761665,0.924473497375293
Australia,EVAGO Festival Equipment,False,2023-05-31,24584.84396061791,22109.374236486823,1195577,28098,1406,223538.22415241078,0.02350162306568293,0.7868664757807254,10.110563137671642,0.8993091138550033
Australia,EVAGO Festival Equipment,False,2023-06-30,26825.490302327154,23351.270783144402,961275,23796,1174,181066.9889814562,0.02475462276663806,0.9813107574022694,7.754052902001179,0.8704881260313309
Australia,EVAGO Festival Equipment,False,2023-07-31,26750.460387148654,23592.860637728718,1087639,27550,1301,196800.08262140414,0.02533009573948709,0.8563651774130207,8.341509986571516,0.881960919411432
Australia,EVAGO Festival Equipment,False,2023-08-31,25563.28811551075,22279.539113676878,936132,20371,1115,184452.1731158269,0.021760820055291348,1.093689024283387,8.278994110905828,0.8715443417530694
Australia,EVAGO Festival Equipment,False,2023-09-30,20236.056441677138,18377.57419916085,841857,21929,1010,173009.1177274824,0.02604836688416204,0.8380488941201536,9.414143338644896,0.9081598606985176
Australia,EVAGO Festival Equipment,False,2023-10-31,24009.808553876286,21491.96586262135,1051888,25426,1210,215639.5778355052,0.0241717749418189,0.8452751460167289,10.03349713162088,0.895132746035643
Australia,EVAGO Festival Equipment,False,2023-11-30,29826.29624654443,25590.511296272038,918772,23693,1016,141940.12357909064,0.025787681818775495,1.0800874222881036,5.546591935416629,0.8579848830287423
Australia,EVAGO Festival Equipment,False,2023-12-31,24157.47440723363,21664.259110344432,965901,23843,1305,199003.3023126526,0.02468472441792689,0.9086213610008989,9.185788505346617,0.8967932137747546
Australia,EVAGO Festival Equipment,False,2024-01-31,24693.0802843764,21584.705696667814,1038889,23880,1226,173861.50444892852,0.022986093798278737,0.9038821481016672,8.054847116853152,0.8741196095460277
Australia,EVAGO Festival Equipment,False,2024-02-29,19520.777170023965,18062.105409617092,946566,20016,1020,136395.43584687548,0.021145910586266567,0.9023833637898228,7.551469374896478,0.9252759381605562
Australia,EVAGO Festival Equipment,False,2024-03-31,25849.768165148944,22718.62416021999,1148243,29735,1203,175303.87932941594,0.025896086455567333,0.7640364607439042,7.716307030439401,0.8788714860061914
Australia,EVAGO Festival Equipment,False,2024-04-30,23981.469941908315,21308.248560961452,1040160,22385,1169,170736.08193300854,0.02152072758037225,0.9518985285218429,8.012675534760362,0.8885297111719023
Australia,EVAGO Festival Equipment,False,2024-05-31,29175.401790545704,26423.625656725057,1063067,24545,1193,176251.85178455376,0.023088855170934664,1.0765380182002469,6.670237236716833,0.9056816371004577
Australia,EVAGO Festival Equipment,False,2024-06-30,22760.18162342855,20429.753048678824,1170659,32307,1417,247653.70365697047,0.027597276405853455,0.6323630497625538,12.12220740343144,0.8976094034174638
Australia,EVAGO Festival Equipment,False,2024-07-31,24494.36505303479,21752.00139629631,1149424,29256,1478,206865.6531113138,0.025452748507078328,0.743505653414558,9.510189400159591,0.8880410392022507
Australia,EVAGO Festival Equipment,False,2024-08-31,26688.276806627295,24695.23917806965,1087329,27781,1308,181164.95690159537,0.02554976460666459,0.8889254950530812,7.33602762845387,0.9253216068239096
Australia,EVAGO Festival Equipment,False,2024-09-30,22013.746222004927,19460.066889842532,949138,23142,1123,159295.0937241015,0.024382123568964683,0.8408982322116728,8.185742352573717,0.8839961492056386
Australia,EVAGO Festival Equipment,False,2024-10-31,24604.314479945846,22329.62143648362,972474,24913,1256,143534.10772298992,0.025618165627050184,0.8963039953632087,6.42796870207904,0.9075490176604493
Australia,EVAGO Festival Equipment,False,2024-11-30,22058.699443388992,18849.93969541526,874341,21053,1009,155119.69353363544,0.024078706134105572,0.895356466794056,8.229187787341521,0.8545354064862878
Australia,EVAGO Festival Equipment,False,2024-12-31,23915.215341758325,21745.04561395987,1121453,28319,1334,205052.91699013245,0.025252061388216892,0.7678606452897302,9.429868330949498,0.9092556894518475
Australia,EVAGO Sports Events,False,2023-01-31,24871.85518529629,22735.820407437022,1081488,28225,1521,233656.0709258825,0.02609830159927803,0.8055206521678308,10.277001961602943,0.9141183976046128
Australia,EVAGO Sports Events,False,2023-02-28,17739.05473283651,16048.421504742295,908000,23535,1148,191733.39637578375,0.025919603524229076,0.6818959636601782,11.947180993415875,0.9046942887568463
Australia,EVAGO Sports Events,False,2023-03-31,24951.37074942696,21676.74672323065,950586,25047,1146,162426.56260982435,0.026349009979107624,0.8654428363968001,7.493124530340809,0.868759754360529
Australia,EVAGO Sports Events,False,2023-04-30,22815.092236179007,19001.12928302338,910395,21299,1231,146890.086927471,0.023395339385651283,0.8921136805964308,7.730597731299604,0.8328315786027093
Australia,EVAGO Sports Events,False,2023-05-31,27362.918306969477,24166.36623962529,921873,24401,1099,176776.80321779224,0.026468938780070575,0.9903842563675789,7.3149931381877975,0.8831794170678787
Australia,EVAGO Sports Events,False,2023-06-30,22551.864940838317,19885.042836911092,871378,21184,1058,176391.38640370665,0.024310919027104194,0.9386821580868152,8.870556017927441,0.8817471587860577
Australia,EVAGO Sports Events,False,2023-07-31,23800.649248510643,20809.92563840339,1050887,29111,1388,197905.5971538554,0.02770136085040542,0.7148475022638656,9.510153980974984,0.8743427719605422
Australia,EVAGO Sports Events,False,2023-08-31,19583.64902889254,17395.331615484374,988714,24702,1342,235716.14222106346,0.024983969074980225,0.704207417030377,13.550540307678977,0.8882579334331587
Australia,EVAGO Sports Events,False,2023-09-30,22867.024770010412,20653.664440116136,902871,21524,869,121026.73372837214,0.023839507526545876,0.9595644136831507,5.859818923623977,0.90320733229812
Australia,EVAGO Sports Events,False,2023-10-31,22208.364895585997,20914.774030220244,1025674,26735,1312,215004.71725155224,0.026065786984948432,0.7822993839618568,10.280040173558028,0.9417520888436564
Australia,EVAGO Sports Events,False,2023-11-30,21755.82897410983,19419.93621613455,892140,22412,1143,158959.90963872228,0.025121617683323244,0.8664972432685414,8.185398132598117,0.8926314064724873
Australia,EVAGO Sports Events,False,2023-12-31,25263.430133582202,22810.997815100574,1031946,26873,1393,196386.51945995225,0.02604109129741285,0.8488444838723096,8.609291055648034,0.9029256001455774
Australia,EVAGO Sports Events,False,2024-01-31,23841.165034601894,22300.85508598255,1022107,25864,1375,194109.6521258169,0.025304591397965183,0.8622353497518771,8.70413494807321,0.9353928406441625
Australia,EVAGO Sports Events,False,2024-02-29,20912.164926660687,19729.47220530875,1016001,26060,1230,179669.40392488433,0.025649581053561955,0.7570787492443879,9.10665029734244,0.9434447497186609
Australia,EVAGO Sports Events,False,2024-03-31,25881.699633765944,22867.58012340073,866371,21432,995,160105.46081785057,0.024737670120537274,1.0669830218085448,7.001416851012246,0.8835424429996508
Australia,EVAGO Sports Events,False,2024-04-30,23798.904278156602,20839.03951328404,990036,23258,1002,125062.16307482144,0.023492075035655268,0.8959944755905082,6.001340080722022,0.8756302084214347
Australia,EVAGO Sports Events,False,2024-05-31,25036.654388170708,23043.238922508077,965232,24666,1277,200070.41898798425,0.0255544780943856,0.9342106106587236,8.682391379996512,0.9203801180957917
Australia,EVAGO Sports Events,False,2024-06-30,26922.161719876876,24483.254119203124,905300,23628,1037,179844.91734876952,0.026099635479951398,1.0361966361606199,7.3456296484588,0.9094089239173879
Australia,EVAGO Sports Events,False,2024-07-31,25850.756920241794,22659.11928645272,1043160,26541,1165,168744.91346219587,0.025442885079949386,0.8537402240478023,7.447108218503618,0.876536008456683
Australia,EVAGO Sports Events,False,2024-08-31,24182.524973478423,22571.758477014355,910247,21029,1020,164976.73027195115,0.023102520524648805,1.0733633780500431,7.3089888162658205,0.9333913022634884
Australia,EVAGO Sports Events,False,2024-09-30,22760.811993248884,20076.87027414094,875324,20133,929,127891.46125725894,0.02300062605389547,0.9972120535509332,6.37008953641462,0.882080581312124
Australia,EVAGO Sports Events,False,2024-10-31,23254.592813546253,21473.347219455656,1063250,24242,1167,164496.58723575354,0.022799905948742063,0.8857910741463434,7.660500505795085,0.9234024173902978
Australia,EVAGO Sports Events,False,2024-11-30,20959.09126979252,18221.016793404247,870070,21238,978,140827.22914224258,0.024409530267679613,0.857944099887195,7.728834825135558,0.8693610118328676
Australia,EVAGO Sports Events,False,2024-12-31,24352.171232545803,22197.294021043836,1099723,29988,1522,208830.5517026301,0.02726868493247845,0.740205883054683,9.407928349493917,0.911511906231094
Australia,EVAGO-Mojo Brand Transition,True,2023-01-31,24497.003195597812,22038.935061737593,1100087,30081,1418,194846.63817776047,0.027344200958651452,0.7326530056094409,8.84101875303581,0.8996584147769576
Australia,EVAGO-Mojo Brand Transition,True,2023-02-28,22218.17971234403,19366.929102940518,1013655,26325,1502,215315.7752516887,0.025970374535714814,0.735685815876183,11.11770348862365,0.8716703777573909
Australia,EVAGO-Mojo Brand Transition,True,2023-03-31,23093.996281481366,20204.103892606043,1228168,29210,1478,240306.17558589595,0.023783391197295483,0.6916844879358454,11.893928919749772,0.8748639103578331
Australia,EVAGO-Mojo Brand Transition,True,2023-04-30,26468.67807582598,24257.244978957056,1081404,27474,1339,167604.3015329286,0.02540586126923888,0.8829163929153766,6.909453306767682,0.9164509428641001
Australia,EVAGO-Mojo Brand Transition,True,2023-05-31,26601.76166449888,24042.010483974656,1079406,26563,1361,201757.5734220002,0.02460890526826792,0.9050939458635944,8.39187611021478,0.9037751253917775
Australia,EVAGO-Mojo Brand Transition,True,2023-06-30,32949.019833915816,28129.992631775713,1012685,28305,1515,225740.11444309002,0.027950448560016196,0.9938170864432331,8.02489063534604,0.8537429269085669
Australia,EVAGO-Mojo Brand Transition,True,2023-07-31,34781.1847814132,29050.007388645674,969354,23826,1040,161059.38496288293,0.02457925587556249,1.2192565847664598,5.544211497372414,0.8352219043489795
Australia,EVAGO-Mojo Brand Transition,True,2023-08-31,33339.56266250664,28938.59097252915,861975,23013,1037,146915.59893453543,0.02669799008091882,1.2574888529322188,5.076805538804553,0.8679955182817445
Australia,EVAGO-Mojo Brand Transition,True,2023-09-30,28093.619143796273,24075.08021492507,926228,25125,1126,190844.24508695173,0.027126150364705018,0.9582121478577142,7.927045035083207,0.8569590159138115
Australia,EVAGO-Mojo Brand Transition,True,2023-10-31,29857.853992611912,25822.80665604856,978286,22324,996,163188.08034521862,0.022819502681220013,1.156728483069726,6.319533059238336,0.8648580926960862
Australia,EVAGO-Mojo Brand Transition,True,2023-11-30,29289.58995742056,26264.91183826203,989081,22175,1121,177823.2725220716,0.022419801816029223,1.1844379633940036,6.770373859128031,0.8967319746177523
Australia,EVAGO-Mojo Brand Transition,True,2023-12-31,36006.92417632988,28974.571993539463,1083229,27252,1295,187549.38197450404,0.0251581152277127,1.0632090119455255,6.472895683025876,0.8046944485357258
Australia,EVAGO-Mojo Brand Transition,True,2024-01-31,26808.196712019882,22712.668590096284,948840,24782,1289,209543.48279222436,0.02611820749546815,0.9164986114960973,9.225841602936718,0.847228511267701
Australia,EVAGO-Mojo Brand Transition,True,2024-02-29,29480.5586363405,26098.221751980665,886979,25743,1194,172567.7452242474,0.02902323504840588,1.0137987706165041,6.612241510713302,0.8852689012415644
Australia,EVAGO-Mojo Brand Transition,True,2024-03-31,32639.009280488754,28362.547361428988,889384,20812,1037,158632.29015600804,0.023400465940471158,1.3627977782735434,5.593019841783904,0.8689769691748521
Australia,EVAGO-Mojo Brand Transition,True,2024-04-30,30729.76197609383,26544.24168761995,793665,19395,1010,150744.1440153041,0.024437262572999944,1.3686126160154652,5.678977225618396,0.863795876722703
Australia,EVAGO-Mojo Brand Transition,True,2024-05-31,31048.669341896286,26950.141693829322,954448,23738,1187,160599.6724613289,0.024870920154895813,1.1353164417317938,5.959140188791692,0.867996673128387
Australia,EVAGO-Mojo Brand Transition,True,2024-06-30,33476.47911764622,28711.604498042016,961743,22682,1198,172664.07922119796,0.023584263155541553,1.2658321355278201,6.013738425275841,0.8576650010636117
Australia,EVAGO-Mojo Brand Transition,True,2024-07-31,29950.640672874684,26068.646016282746,953038,21519,1035,151296.1722469497,0.022579372490918515,1.2114246022716086,5.803760277862093,0.8703869243068402
Australia,EVAGO-Mojo Brand Transition,True,2024-08-31,31613.96461204042,27307.889458884307,1051727,28799,1441,209620.9941263129,0.027382581221172413,0.9482235306394079,7.6762063374368585,0.8637919917353196
Australia,EVAGO-Mojo Brand Transition,True,2024-09-30,35072.52412599904,30252.64447168503,863235,24075,1279,230538.86499744307,0.027889276963978523,1.256599978055453,7.6204533198152635,0.8625739157809555
Australia,EVAGO-Mojo Brand Transition,True,2024-10-31,33537.96666280474,29685.250031237898,1015227,25017,1188,195753.0489957796,0.024641779621700367,1.1866031111339448,6.594286684120496,0.8851237264828075
Australia,EVAGO-Mojo Brand Transition,True,2024-11-30,31373.15080770993,26945.631300156387,1151756,29838,1527,200663.83155660104,0.025906528813394503,0.903064256992975,7.446989432956296,0.8588755227458542
Australia,EVAGO-Mojo Brand Transition,True,2024-12-31,36820.72490506754,31304.64075056426,1049446,22452,1175,196911.5223428555,0.021394145101320126,1.3942918559845119,6.290170326880566,0.8501907779185489
Australia,EVAGO-Mojo Partnership,True,2023-01-31,26174.105362008573,23315.812844393655,1043115,26755,1354,167365.97080229342,0.02564913743930439,0.8714562827282248,7.178217286237009,0.890796935441251
Australia,EVAGO-Mojo Partnership,True,2023-02-28,21372.21311188786,19515.052955184226,980116,24973,1234,218080.91120898226,0.025479637104179505,0.7814460799737407,11.175009963324158,0.913103984740325
Australia,EVAGO-Mojo Partnership,True,2023-03-31,22026.597251069616,19710.549930962894,1150301,29223,1415,190025.29429422124,0.02540465495552903,0.6744875588051499,9.640791097143081,0.8948522418734354
Australia,EVAGO-Mojo Partnership,True,2023-04-30,25361.01639736532,22837.52792862521,824057,19973,1108,166254.6252241816,0.024237401053567895,1.1434200134494172,7.279887111415123,0.9004973448539599
Australia,EVAGO-Mojo Partnership,True,2023-05-31,27562.770981872512,24138.613713752908,934561,22332,1120,153837.66845248712,0.023895711462387153,1.080897981092285,6.373094589306864,0.87576875814222
Australia,EVAGO-Mojo Partnership,True,2023-06-30,29993.46918845504,25490.763800114524,1078222,23787,1162,185156.70855878358,0.022061319468532455,1.0716258376472243,7.263678327204605,0.8498771395849841
Australia,EVAGO-Mojo Partnership,True,2023-07-31,31616.529052870515,26399.831997714027,1009681,27495,1503,233910.69617161498,0.027231373077239246,0.9601684669108576,8.8603100274225,0.8350009564164079
Australia,EVAGO-Mojo Partnership,True,2023-08-31,34291.98353604367,29297.187582468363,984552,26266,1480,191884.65102794347,0.02667812365421024,1.1154034715018792,6.549592874326564,0.8543450848118667
Australia,EVAGO-Mojo Partnership,True,2023-09-30,32866.670102534095,28480.647820285416,945567,21171,991,123462.74041422314,0.02238974075871937,1.3452670077126927,4.334969527142794,0.866551060129742
Australia,EVAGO-Mojo Partnership,True,2023-10-31,26184.83781115802,22342.879688450823,971798,24597,1306,181896.26230128226,0.025310815622176627,0.9083579171626955,8.141128844519786,0.8532754661145908
Australia,EVAGO-Mojo Partnership,True,2023-11-30,29238.986749459556,24929.096060681917,831723,21233,1069,162331.38493562065,0.025528932108406285,1.1740731908200404,6.511723671828163,0.852597809708392
Australia,EVAGO-Mojo Partnership,True,2023-12-31,38417.787679791254,33756.51843052271,960135,22359,982,137720.1391209229,0.023287350216375822,1.5097508131187758,4.079808745809404,0.8786689830210995
Australia,EVAGO-Mojo Partnership,True,2024-01-31,35451.48230222535,29940.68251615945,1020555,26073,1360,191509.60823642023,0.025547863662418978,1.1483405253004813,6.39630068997457,0.8445537554936038
Australia,EVAGO-Mojo Partnership,True,2024-02-29,28506.29152288759,23924.068324698153,886671,23203,1231,191211.48064336943,0.02616866910048936,1.0310765127224133,7.99243164031475,0.8392557237931006
Australia,EVAGO-Mojo Partnership,True,2024-03-31,31663.726030763377,26907.763001235347,966020,24325,1148,183970.45788060315,0.025180638082027286,1.1061773073478047,6.8370773844023,0.8497977456946381
Australia,EVAGO-Mojo Partnership,True,2024-04-30,30565.134163404902,26357.835725866604,955499,23374,1104,175478.06892971904,0.024462610635908568,1.127656187467554,6.657529501085378,0.8623497474264117
Australia,EVAGO-Mojo Partnership,True,2024-05-31,30794.19188943485,27450.86748904754,1031655,24716,1262,160925.77111447827,0.023957621491680844,1.1106517029069243,5.862320058871913,0.8914300328973931
Australia,EVAGO-Mojo Partnership,True,2024-06-30,28369.08549490258,24973.340829127075,990839,28709,1497,222612.40616355694,0.02897443479717694,0.869878464214256,8.91400184247348,0.8803012290831278
Australia,EVAGO-Mojo Partnership,True,2024-07-31,29883.833397412265,25089.565295304426,1033724,25842,1055,145821.25940106457,0.024998935886174647,0.9708832634975786,5.812028135392022,0.8395698423843111
Australia,EVAGO-Mojo Partnership,True,2024-08-31,33175.65956244352,28249.26943548686,1214817,28416,1427,192431.11187723334,0.023391177436601563,0.9941325111024374,6.811896934775258,0.8515058873905984
Australia,EVAGO-Mojo Partnership,True,2024-09-30,33587.300302476026,28682.929669334622,916473,22579,1078,155016.2500176556,0.024636841456322226,1.2703365813071714,5.404477569227733,0.8539813980589605
Australia,EVAGO-Mojo Partnership,True,2024-10-31,35318.05490756009,30029.00327687162,1022458,26443,1422,216166.25548890568,0.025862187004258366,1.1356125733415883,7.198582433649978,0.8502451042524342
Australia,EVAGO-Mojo Partnership,True,2024-11-30,30472.42271803028,27751.828640516786,1072414,27362,1446,211055.8236046747,0.025514400222302207,1.0142470813725892,7.605114111166711,0.9107194691184255
Australia,EVAGO-Mojo Partnership,True,2024-12-31,28369.653785575152,24124.10454104095,945127,21960,1117,150268.12425186325,0.02323497265446866,1.0985475656211725,6.228961742236722,0.8503489229504487
Australia,Mojo Equipment Integration,True,2023-01-31,25450.124860589276,22684.684544120664,881376,18153,909,111461.4532021194,0.020596204117198563,1.2496383266744155,4.913511271683413,0.8913388310816884
Australia,Mojo Equipment Integration,True,2023-02-28,22645.126515922653,20574.755040950877,1103230,26043,1138,171066.07594084644,0.023606138339240232,0.7900301440291394,8.314367563568354,0.9085731990273483
Australia,Mojo Equipment Integration,True,2023-03-31,25641.85501039714,22931.091024732348,980853,25630,1152,182832.71936089714,0.02613031718310491,0.8946972697905715,7.973136522972359,0.8942836239981217
Australia,Mojo Equipment Integration,True,2023-04-30,24981.89891964043,22607.634710805425,1020947,27385,1329,167432.3734824665,0.026823135774922693,0.8255480997190223,7.406010209570549,0.9049606190277077
Australia,Mojo Equipment Integration,True,2023-05-31,25622.620196051874,23157.76416229225,1047863,27780,1463,189545.29403645635,0.026511099256295908,0.8336128208168556,8.184956574741038,0.9038015622563289
Australia,Mojo Equipment Integration,True,2023-06-30,29952.78838960156,25258.691897754765,923327,21809,1149,174350.76157434427,0.023620017610229097,1.158177444988526,6.902604548173068,0.8432834889763918
Australia,Mojo Equipment Integration,True,2023-07-31,32121.692448511872,28405.33774984072,1047121,24710,1084,167337.0019883929,0.02359803690308952,1.149548269924756,5.891040742486198,0.8843038951129948
Australia,Mojo Equipment Integration,True,2023-08-31,32017.298287537207,27411.3864084408,1189716,31780,1764,273986.78273057425,0.026712257379071982,0.8625357586041787,9.995363920965536,0.8561430187602911
Australia,Mojo Equipment Integration,True,2023-09-30,31044.05058144275,26309.18726011431,1063289,28932,1389,223405.5982457987,0.02720991188660844,0.9093456124745718,8.491543126628232,0.8474792034980512
Australia,Mojo Equipment Integration,True,2023-10-31,34852.31115945317,30428.710818873187,924600,20605,1098,140201.68902220877,0.022285312567596798,1.4767634466815427,4.607546138144298,0.8730758393513266
Australia,Mojo Equipment Integration,True,2023-11-30,33622.86198624083,29056.929401534104,1038755,28074,1523,226290.9831283117,0.02702658470958022,1.0350120895324537,7.787849156434414,0.8642015487386172
Australia,Mojo Equipment Integration,True,2023-12-31,37190.567350238336,32254.622239562246,1022177,25051,1296,202023.86572426604,0.02450749723384502,1.2875582707102409,6.263408209334771,0.8672796501276161
Australia,Mojo Equipment Integration,True,2024-01-31,32899.37914282325,29166.3420533842,1204305,29873,1440,242699.76394909932,0.024805178090267832,0.976344593893623,8.32122737588681,0.8865316858037613
Australia,Mojo Equipment Integration,True,2024-02-29,31723.748448400187,26356.82338598185,840755,22338,1012,157472.80495101147,0.02656897669356709,1.1799097227138442,5.974650383504296,0.8308231112364344
Australia,Mojo Equipment Integration,True,2024-03-31,31320.624042172836,28244.033499726404,933658,24903,1158,158168.4768545753,0.026672507492036698,1.134161888114942,5.600066890449888,0.901771096951841
Australia,Mojo Equipment Integration,True,2024-04-30,30736.020026174192,26388.57996570116,1010527,25493,1321,181314.03794804722,0.025227430835593704,1.0351304266151948,6.870928188773783,0.8585555300663249
Australia,Mojo Equipment Integration,True,2024-05-31,31892.892692322923,27138.359526536708,979929,24640,1236,181091.59355916653,0.02514467884918193,1.1013944613042495,6.672901262955475,0.8509218586205353
Australia,Mojo Equipment Integration,True,2024-06-30,27975.91154144819,24105.027529407926,873657,20786,1044,145334.15903901082,0.023791945809396593,1.1596761055233293,6.029205271045818,0.8616351068201911
Australia,Mojo Equipment Integration,True,2024-07-31,32787.98879678683,27688.960763455074,1195235,29968,1463,219960.51072820657,0.025072893615063145,0.9239509064153455,7.943978562695595,0.8444848793582774
Australia,Mojo Equipment Integration,True,2024-08-31,34728.00302404225,29291.87046787253,1020140,28346,1410,216729.83203374705,0.02778638226125826,1.0333687457797407,7.398975503167591,0.8434654433655089
Australia,Mojo Equipment Integration,True,2024-09-30,36183.59666088476,30574.897582687612,897712,21544,1096,152027.29493549812,0.02399878803001408,1.4191838833404944,4.9722912243402035,0.844993323058449
Australia,Mojo Equipment Integration,True,2024-10-31,32570.310832322917,28097.86757251872,1093554,27801,1478,228340.2100521914,0.025422612875084356,1.0106783055472364,8.126602827166886,0.8626834333012958
Australia,Mojo Equipment Integration,True,2024-11-30,31144.231066592878,27271.018320487943,938295,24948,1276,168468.37774600144,0.0265886528224066,1.0931144107939692,6.177560946429196,0.8756362699138984
Australia,Mojo Equipment Integration,True,2024-12-31,33266.62952765718,29771.516150200612,1016705,30352,1579,248915.17937423283,0.029853300613255567,0.9808749390551071,8.360849951961736,0.8949363543261634
Australia,Mojo Legacy Support,True,2023-01-31,25832.96637569425,22739.793577115262,973640,21886,997,154301.3303392671,0.02247853416046999,1.0390109465921256,6.785520273787883,0.880262577917134
Australia,Mojo Legacy Support,True,2023-02-28,23122.78031459883,21813.47147015152,968992,26817,1408,191532.26028187884,0.027675151084838676,0.8134195275441518,8.78045755092041,0.9433758040065509
Australia,Mojo Legacy Support,True,2023-03-31,23474.852659226093,20954.978836111444,920967,22628,1127,166998.51860550145,0.02456982714907266,0.9260641168513101,7.969395717914783,0.8926564583942431
Australia,Mojo Legacy Support,True,2023-04-30,20509.508173931834,18165.96704246938,955130,23927,975,132136.65733289096,0.025051040172541957,0.7592246015994224,7.27385759447734,0.8857339185519251
Australia,Mojo Legacy Support,True,2023-05-31,25384.74649004507,23927.511758693418,1065962,26038,1330,196316.6078981636,0.024426761929599743,0.9189458391079737,8.204639491059377,0.9425940797981527
Australia,Mojo Legacy Support,True,2023-06-30,33393.94738180096,29503.56173278308,1054230,27501,1509,230523.49841744412,0.026086337895905067,1.0728177787274311,7.813412512879636,0.8835002761267432
Australia,Mojo Legacy Support,True,2023-07-31,37635.35156457329,31760.469058385104,987676,24059,1087,135680.2559939074,0.0243592028154982,1.3201076128843718,4.27198527025804,0.8438998903435699
Australia,Mojo Legacy Support,True,2023-08-31,32758.403098100334,30293.48005718241,926577,22026,916,116546.16438259292,0.023771364927037904,1.3753509514747302,3.8472359122358575,0.9247544810552482
Australia,Mojo Legacy Support,True,2023-09-30,25677.982361662114,21690.65160251246,911008,22134,1124,154743.95773798862,0.024296164248832065,0.9799698022279054,7.134131356388778,0.8447179103486401
Australia,Mojo Legacy Support,True,2023-10-31,33310.72654742556,28563.254940579794,1029436,26684,1452,212136.0487527415,0.02592098974584141,1.0704262831876703,7.426886368309516,0.8574791936739465
Australia,Mojo Legacy Support,True,2023-11-30,33390.18651997932,28068.470593695125,989586,23753,1070,142393.15232566762,0.02400296689726815,1.1816810758091663,5.073064164659283,0.8406203594250695
Australia,Mojo Legacy Support,True,2023-12-31,28049.90119022783,24214.167214675937,971740,27474,1403,222055.95383585562,0.028272994834009097,0.8813484463374804,9.170497249282642,0.8632532090028109
Australia,Mojo Legacy Support,True,2024-01-31,30149.361127999826,26018.14914933292,1067655,24308,1255,186432.26802375802,0.02276765434527071,1.07035334660741,7.165470032234709,0.8629751402980731
Australia,Mojo Legacy Support,True,2024-02-29,26739.83210288423,22864.434283495197,932937,22900,1039,181936.1545777126,0.024546137627728348,0.9984469119430217,7.957168426819293,0.8550702261525785
Australia,Mojo Legacy Support,True,2024-03-31,33553.002430632405,28445.92497797579,956343,21854,1144,174333.90469861316,0.022851633775747823,1.301634711173048,6.128607343005752,0.8477907464998101
Australia,Mojo Legacy Support,True,2024-04-30,34598.18292067976,29486.349050034267,1011777,24336,1298,192919.1182133269,0.024052730987164168,1.211634987263078,6.542658702370028,0.8522513774100521
Australia,Mojo Legacy Support,True,2024-05-31,38657.81742364998,34448.86166947083,998874,24752,1204,160048.83827123596,0.024779902169843243,1.3917607332527,4.645983365339296,0.8911227784007225
Australia,Mojo Legacy Support,True,2024-06-30,29830.115830871575,26791.992499271346,972921,24452,1094,138634.33631779058,0.025132564720054353,1.0956973866870336,5.174469062782881,0.898152479567108
Australia,Mojo Legacy Support,True,2024-07-31,26856.956484685044,23239.97531148685,760265,17305,757,102633.55637927218,0.022761800161785695,1.3429630344690466,4.416250663078087,0.8653242345140356
Australia,Mojo Legacy Support,True,2024-08-31,32543.968989225326,29230.106176155205,1130070,30374,1364,198362.92686995637,0.026877981010025927,0.9623397042258248,6.786254065398271,0.898172751634342
Australia,Mojo Legacy Support,True,2024-09-30,31899.213709044492,26956.297435003587,1081180,26596,1213,195220.16416935844,0.02459904918699939,1.0135470535044213,7.242098609427681,0.8450458271753757
Australia,Mojo Legacy Support,True,2024-10-31,39646.41793467925,34818.85050854206,969032,24622,1289,174617.46805915804,0.02540886162686062,1.4141357529259224,5.015026788903309,0.8782344615826074
Australia,Mojo Legacy Support,True,2024-11-30,26351.7680011645,21135.484944221313,851050,20890,1120,174453.91019834412,0.024546148874919217,1.0117513137492251,8.254076528584307,0.8020518753537647
Australia,Mojo Legacy Support,True,2024-12-31,29237.716860963465,25342.040291016707,1029819,27129,1296,205408.2781912082,0.026343464239832436,0.9341310144500979,8.10543570416553,0.8667585232981019
Australia,Mojo-EVAGO Joint Events,True,2023-01-31,23461.78677845927,21064.774938315022,954156,22123,1162,149050.86746371954,0.023185936052385565,0.9521662947301461,7.075834795301267,0.8978333635550302
Australia,Mojo-EVAGO Joint Events,True,2023-02-28,24231.60836674454,22348.814119441548,947477,23419,1165,177244.3546480322,0.024717222687199794,0.9543026653333425,7.93081698656417,0.922300071096934
Australia,Mojo-EVAGO Joint Events,True,2023-03-31,24995.67579014589,23188.601779028893,883624,22789,1127,182599.12275306968,0.025790381429205183,1.0175348536148534,7.874520615477864,0.9277045347247861
Australia,Mojo-EVAGO Joint Events,True,2023-04-30,22873.421940470904,20611.82618942092,994333,25352,1344,164417.01803338196,0.02549648860090131,0.8130256464744762,7.976829249499953,0.9011256052139516
Australia,Mojo-EVAGO Joint Events,True,2023-05-31,22126.325857898017,20029.46129485014,936608,21414,1066,143789.77882618373,0.022863353718951793,0.9353442278346008,7.1789139363001295,0.9052321394652426
Australia,Mojo-EVAGO Joint Events,True,2023-06-30,32911.35408895845,27901.705262382922,950649,23970,1195,210948.223078012,0.025214353562671397,1.1640260852057958,7.560406114762182,0.8477835699790842
Australia,Mojo-EVAGO Joint Events,True,2023-07-31,34301.02089237278,28834.042263375228,922962,23405,1038,170549.84390200558,0.0253585738091059,1.2319607888645685,5.914878057823916,0.8406176117570543
Australia,Mojo-EVAGO Joint Events,True,2023-08-31,32785.98025654274,28530.825350872652,925221,21917,1288,174682.4270174384,0.023688394448461502,1.3017669092883448,6.122585830209623,0.8702141930064473
Australia,Mojo-EVAGO Joint Events,True,2023-09-30,31384.475484104256,26631.219325217422,944004,22770,1278,177476.03695243978,0.024120660505675823,1.169574849592333,6.664209955433231,0.8485475355070285
Australia,Mojo-EVAGO Joint Events,True,2023-10-31,33944.20400166764,29170.711049374502,935194,23110,1069,182909.11870730022,0.02471145024454819,1.2622549134303116,6.2703003158787345,0.859372370256241
Australia,Mojo-EVAGO Joint Events,True,2023-11-30,26740.32939940771,23166.268878741983,993095,28596,1321,208497.0560061077,0.028794828289337878,0.810122705229472,9.000027457914488,0.8663419411450896
Australia,Mojo-EVAGO Joint Events,True,2023-12-31,30022.275716227872,26529.290728456665,1089735,25471,1248,180448.4877510459,0.023373572474041853,1.0415488488263775,6.801858730338678,0.8836535570858424
Australia,Mojo-EVAGO Joint Events,True,2024-01-31,36656.632592351874,31480.81516976414,837967,20327,889,147231.63322186575,0.024257518494165044,1.5487191995751532,4.676868512708492,0.8588027034521543
Australia,Mojo-EVAGO Joint Events,True,2024-02-29,32202.886049318913,27666.929020153257,816549,19076,978,164403.21359918182,0.02336173334362053,1.4503527479635803,5.9422284807766905,0.8591443940080771
Australia,Mojo-EVAGO Joint Events,True,2024-03-31,34626.51430560076,30723.216374392843,1028794,23743,1211,175500.84413642043,0.023078478295946517,1.2939904971736025,5.712320025278887,0.8872743038251307
Australia,Mojo-EVAGO Joint Events,True,2024-04-30,33113.53666464295,27808.9967647204,1086398,29046,1272,200465.61898601454,0.026736058056071533,0.9574122689774978,7.208660588588122,0.8398075097310134
Australia,Mojo-EVAGO Joint Events,True,2024-05-31,29218.3493312733,26430.338832681573,1095372,25518,1242,182802.14087663763,0.02329619526517019,1.0357527561988233,6.9163752320344685,0.9045801504054292
Australia,Mojo-EVAGO Joint Events,True,2024-06-30,33110.94878709385,29591.24527723174,1080064,25925,1055,150629.9311229577,0.024003207217350084,1.1414173684563835,5.090354586694471,0.8936997084410329
Australia,Mojo-EVAGO Joint Events,True,2024-07-31,27848.515174478503,25061.70166158222,961878,23699,1145,181242.84856629078,0.024638259737721414,1.057500386580962,7.231865218638484,0.8999295475742193
Australia,Mojo-EVAGO Joint Events,True,2024-08-31,28919.745507807515,25696.715629678543,977995,23005,985,146328.9456868629,0.023522615146294203,1.1170056783168243,5.694461027457516,0.8885526196190473
Australia,Mojo-EVAGO Joint Events,True,2024-09-30,28017.644187948215,24220.852312821004,1069055,27065,1377,236930.85981836557,0.025316751710622934,0.8949141811498615,9.78210249409552,0.8644856844616364
Australia,Mojo-EVAGO Joint Events,True,2024-10-31,34814.985018079795,31590.75471345969,1044904,25176,1315,232050.88080402545,0.024094079456103146,1.2547964217294125,7.345531403374699,0.9073895823035475
Australia,Mojo-EVAGO Joint Events,True,2024-11-30,33890.73570616621,28008.15933554716,1051867,27943,1201,161230.30989006918,0.02656514559350184,1.0023318661398977,5.75654786730095,0.8264252384008072
Australia,Mojo-EVAGO Joint Events,True,2024-12-31,34018.44813870764,28971.21009030842,973468,26191,1364,210850.39782011075,0.02690483919348145,1.1061513531483496,7.27792857677855,0.8516323252660002
Australia,Unified Rental Solutions,False,2023-01-31,24791.883181589044,22010.241604192608,865075,17100,863,132117.85009852174,0.019767072219171747,1.2871486318241292,6.002562464982454,0.8878003112138678
Australia,Unified Rental Solutions,False,2023-02-28,20574.464857002178,18496.63990719503,888995,18464,964,147722.70031064947,0.020769520638473784,1.001767759271828,7.986461381733806,0.8990095264081682
Australia,Unified Rental Solutions,False,2023-03-31,23687.385814866746,20971.240517991395,1075009,28153,1307,199176.3906109585,0.02618861795575665,0.7449025154687385,9.497596980020495,0.8853336827413586
Australia,Unified Rental Solutions,False,2023-04-30,25238.373257403568,22982.82333752748,974535,25686,1301,178491.81521991585,0.026357185734735028,0.8947606998959542,7.766313676895635,0.9106301386039438
Australia,Unified Rental Solutions,False,2023-05-31,21534.704160007743,19771.325676747703,921712,23481,1135,193510.26989738276,0.02547541965386151,0.8420137846236405,9.78742007800533,0.9181145712447343
Australia,Unified Rental Solutions,False,2023-06-30,20998.371937390344,19503.488007343705,966032,26328,1282,188370.27268586523,0.027253755569173692,0.7407888182673847,9.658286385232099,0.9288095317816139
Australia,Unified Rental Solutions,False,2023-07-31,25743.12244666383,24212.18237730133,988571,24744,1186,181387.9651849661,0.025030068654654042,0.978507208911305,7.4915991610494155,0.9405301329497074
Australia,Unified Rental Solutions,False,2023-08-31,23350.299903486935,21386.88118525455,1067564,26169,1266,207590.7450164448,0.024512816093461377,0.8172601622245615,9.706452437748183,0.915914625236176
Australia,Unified Rental Solutions,False,2023-09-30,25466.34780687489,22884.141374397383,1078943,26270,1326,207978.30610048468,0.02434790345736522,0.8711131090368246,9.088315908289632,0.8986031899014426
Australia,Unified Rental Solutions,False,2023-10-31,23761.476128544462,21745.71032165194,958266,23864,1256,166106.6825173231,0.024903314945954463,0.9112349279941309,7.638595385496913,0.9151666421737579
Australia,Unified Rental Solutions,False,2023-11-30,22685.27581252667,20119.17620994961,981046,25828,1372,234629.59380491142,0.026327001995828943,0.7789676401560172,11.661988113056,0.8868825918722102
Australia,Unified Rental Solutions,False,2023-12-31,21960.34949549594,19681.208036884855,1077382,28160,1409,231385.81724030073,0.026137433148131304,0.6989065354007405,11.756687740237135,0.8962156108181003
Australia,Unified Rental Solutions,False,2024-01-31,22699.983305352478,20318.542682037172,972247,20668,1012,144453.51344561198,0.021257972511100575,0.9830918657846512,7.109442626183898,0.8950906442845805
Australia,Unified Rental Solutions,False,2024-02-29,22293.665252339746,18760.717284216742,1011525,28246,1606,243286.19711397964,0.027924173895850325,0.6641902316864952,12.967851571360471,0.8415268226137819
Australia,Unified Rental Solutions,False,2024-03-31,23279.884281002698,21655.46376365628,1211855,29118,1343,211703.1480765016,0.02402762706759472,0.7437139832288028,9.775969260552003,0.930222139520169
Australia,Unified Rental Solutions,False,2024-04-30,20850.92942042907,18387.142079821515,877680,22473,1028,172589.7513024018,0.025605004101722725,0.8181881404272467,9.386437030461948,0.881838008707966
Australia,Unified Rental Solutions,False,2024-05-31,23657.2973578821,21696.16284647812,1054322,25479,1247,210356.4241604681,0.024166241432882932,0.851531176517058,9.695558871351977,0.9171023434445451
Australia,Unified Rental Solutions,False,2024-06-30,22844.945930651786,21393.827999745,851965,18001,968,132840.02289053358,0.021128802239528618,1.1884799733206488,6.2092685279192175,0.9364796951014108
Australia,Unified Rental Solutions,False,2024-07-31,26036.727216786872,23042.78242414584,878296,23982,1086,149096.77174159905,0.02730514541794566,0.9608365617607305,6.470432649894095,0.8850107093832161
Australia,Unified Rental Solutions,False,2024-08-31,26690.732295413185,24516.58449229677,1052803,25820,1293,202655.8963898808,0.024525006102756167,0.9495191515219508,8.266073785830823,0.9185429691829758
Australia,Unified Rental Solutions,False,2024-09-30,23816.977811145513,22026.045890739555,1055723,27781,1312,178588.84879672204,0.02631466776796565,0.7928456819675157,8.108075760970172,0.9248044006839582
Australia,Unified Rental Solutions,False,2024-10-31,24905.333123393048,21754.10200792559,1006740,27060,1175,186275.1607905459,0.026878836641039395,0.8039209906846116,8.562760288734555,0.873471633571222
Australia,Unified Rental Solutions,False,2024-11-30,22376.584023437306,19453.92373962793,965852,25169,1240,168713.43473098223,0.02605885787884686,0.7729319297400743,8.672463045966941,0.8693875579602244
Australia,Unified Rental Solutions,False,2024-12-31,26157.15163833877,23496.542206070575,1117930,28080,1430,199111.42672947716,0.025117851743848004,0.8367714460851344,8.47407354593795,0.8982836713624233
Croatia,EVAGO Construction Safety,False,2023-01-31,20486.98957465955,18201.668868591936,905887,20952,966,143596.7243274337,0.02312871252153966,0.8687318093066025,7.889206498818271,0.8884501455062809
Croatia,EVAGO Construction Safety,False,2023-02-28,22864.924983561654,20188.739630420656,1075259,26617,1374,178882.39797005086,0.02475403600434872,0.7584904245565111,8.860503490792885,0.8829567402882365
Croatia,EVAGO Construction Safety,False,2023-03-31,21139.744520090622,19121.045188771655,890649,20270,915,121162.40108091114,0.022758684958945667,0.9433174735457156,6.3365992750260665,0.9045069192108518
Croatia,EVAGO Construction Safety,False,2023-04-30,24562.911124221915,22266.659986651037,942173,25943,1337,191845.50800635797,0.02753528279838204,0.8582916388486697,8.61581881258214,0.9065155133299121
Croatia,EVAGO Construction Safety,False,2023-05-31,28144.22414293908,26678.345482941808,1053700,29199,1541,243136.04689645974,0.027710923412736073,0.9136732587739925,9.113610401811517,0.9479154709487688
Croatia,EVAGO Construction Safety,False,2023-06-30,24351.069736339367,21820.33800867052,798755,18670,915,148501.5583580431,0.023373875593892996,1.1687379758259517,6.80564885379111,0.8960730778947174
Croatia,EVAGO Construction Safety,False,2023-07-31,26836.665021702567,24199.752200574,1015631,25606,1283,178733.27422202067,0.025211912594239442,0.9450813169012731,7.385748115957206,0.9017421568963163
Croatia,EVAGO Construction Safety,False,2023-08-31,24308.203463522197,22615.83080292268,1191327,32031,1744,226049.20616538584,0.02688682452424901,0.7060607162724448,9.995175863102634,0.9303785381285311
Croatia,EVAGO Construction Safety,False,2023-09-30,24486.811946613623,21762.296901511025,983511,24520,1259,168484.9830880295,0.024931088721936,0.8875325000616242,7.7420588392179805,0.8887354119007974
Croatia,EVAGO Construction Safety,False,2023-10-31,28004.083106536076,26609.91617659436,1101406,26290,1318,171659.91568672907,0.02386949045129589,1.01216874007586,6.450975438912441,0.9502155837547732
Croatia,EVAGO Construction Safety,False,2023-11-30,25072.833994139677,23360.320859163636,919678,22230,1127,177105.27141578306,0.024171503504487442,1.0508466423375455,7.581457141942867,0.9316984615549917
Croatia,EVAGO Construction Safety,False,2023-12-31,27761.558381030485,25717.449978759472,1003594,27855,1367,215841.6063623612,0.027755247639981905,0.923261532175892,8.392807472771556,0.9263691045648303
Croatia,EVAGO Construction Safety,False,2024-01-31,25722.62237676858,23528.67493180953,970187,25945,1395,191895.71045524316,0.026742267212403383,0.906867409204453,8.155823097194915,0.9147074737239654
Croatia,EVAGO Construction Safety,False,2024-02-29,22219.145444783673,20005.250244643,806325,17489,895,127107.48409206649,0.021689765293151024,1.1438761647117046,6.3537062789856025,0.9003609204664339
Croatia,EVAGO Construction Safety,False,2024-03-31,26109.84656937483,23450.072787312703,897578,21671,1000,117785.10313280635,0.024143862706082368,1.0820946327955656,5.022803306458483,0.8981313898189709
Croatia,EVAGO Construction Safety,False,2024-04-30,24185.84659367075,21860.288146396084,897834,23588,1030,142022.22338953943,0.026272117117418142,0.9267546272001053,6.496813877220251,0.9038463078698578
Croatia,EVAGO Construction Safety,False,2024-05-31,26688.012690612253,23464.46578955144,1016596,24338,1191,176505.22086185098,0.023940680466970163,0.9641082171727932,7.522234788760779,0.8792136777499838
Croatia,EVAGO Construction Safety,False,2024-06-30,24270.80149612444,21870.671439063415,1059204,29508,1352,200061.8116433106,0.02785865612289984,0.7411776955084525,9.147492897084918,0.9011103915359252
Croatia,EVAGO Construction Safety,False,2024-07-31,22783.823792761454,21395.395348961843,950018,25174,1263,227908.88357385446,0.026498445292615507,0.8499005064336952,10.652239879498799,0.9390607802962064
Croatia,EVAGO Construction Safety,False,2024-08-31,24643.676340254267,22912.94917605102,801535,21451,879,109067.17287181468,0.026762399645679853,1.0681529614493972,4.760066983686824,0.9297699279804212
Croatia,EVAGO Construction Safety,False,2024-09-30,25707.41285013525,23151.94688257702,919079,22089,1030,128998.70777585091,0.024033842575012593,1.048121095684595,5.571829808962148,0.9005941989395956
Croatia,EVAGO Construction Safety,False,2024-10-31,25687.574745205944,23077.205836366174,987933,23944,1040,172838.75034622525,0.024236461379466015,0.963799107766713,7.489587412435244,0.8983800948617409
Croatia,EVAGO Construction Safety,False,2024-11-30,24179.562081970595,21852.566698637038,974314,22267,977,151269.1543013834,0.022854028578055945,0.9813880046093788,6.922260272099669,0.903761888844601
Croatia,EVAGO Construction Safety,False,2024-12-31,24872.708450247417,21537.101412079875,1016686,29294,1525,229222.70792609366,0.028813222568226573,0.7352052096702354,10.643154969662058,0.8658928904007492
Croatia,EVAGO Corporate Events,False,2023-01-31,28189.048467518314,24850.01255119562,1044115,28809,1372,214473.20199767273,0.027591788260871646,0.8625781023706349,8.630707994847821,0.8815484701383164
Croatia,EVAGO Corporate Events,False,2023-02-28,19807.265373727038,17282.452740312598,951516,22590,1159,169714.23025524977,0.02374106163217434,0.7650488154188844,9.82003149699804,0.8725309836680722
Croatia,EVAGO Corporate Events,False,2023-03-31,20876.924005248562,19329.28798443822,1051472,24314,1196,200405.12193080157,0.02312377314850039,0.7949859333897433,10.367951581669503,0.925868580044586
Croatia,EVAGO Corporate Events,False,2023-04-30,22126.92666050511,19820.33335380315,1017152,26753,1377,218874.48640562707,0.026301870320266783,0.740863953717458,11.042926599598747,0.8957562727941313
Croatia,EVAGO Corporate Events,False,2023-05-31,23570.281057594813,20719.27267773363,945803,24732,1151,174786.34670856976,0.02614920866184607,0.8377516043075217,8.435930615286864,0.8790422408245941
Croatia,EVAGO Corporate Events,False,2023-06-30,24039.43931842222,20645.759543892706,1077957,26840,1342,203005.59368171796,0.024898952370085263,0.7692160783864644,9.832798510034461,0.8588286636149277
Croatia,EVAGO Corporate Events,False,2023-07-31,23369.087515044223,21212.550579504685,1062063,26847,1337,205522.7330131349,0.02527816146499784,0.7901274101204859,9.688732726544847,0.9077183936192958
Croatia,EVAGO Corporate Events,False,2023-08-31,25730.183953758333,22905.34249694076,999071,27771,1171,128178.41803429236,0.027796823248798133,0.824793579523271,5.5960053010083515,0.8902129319442756
Croatia,EVAGO Corporate Events,False,2023-09-30,24261.170130566665,22316.954775470753,968649,24189,1079,175280.87102593321,0.02497189384390011,0.9226075809446754,7.854157199735413,0.9198630839059821
Croatia,EVAGO Corporate Events,False,2023-10-31,26096.00861657711,23108.82051563446,994480,23940,1201,164965.74312270514,0.02407288231035315,0.9652807232930016,7.138648336079993,0.8855308432476113
Croatia,EVAGO Corporate Events,False,2023-11-30,24512.64569801498,22042.86670489693,951870,24721,1299,189112.5250450227,0.025970983432611595,0.8916656569271846,8.579307200683223,0.8992446991016537
Croatia,EVAGO Corporate Events,False,2023-12-31,27216.461227225256,24126.063866756198,1098280,31525,1597,233222.87520482097,0.02870397348581418,0.7652994089375479,9.666843149088384,0.8864511688471217
Croatia,EVAGO Corporate Events,False,2024-01-31,27264.443308532187,24112.590441312255,986617,24863,1306,194587.57406242966,0.025200255012836795,0.969818221506345,8.06995725059227,0.884396947645229
Croatia,EVAGO Corporate Events,False,2024-02-29,24464.2630894988,21927.307749895142,875137,21397,1043,153195.10390634727,0.02444988613211417,1.024784210398427,6.986498554847886,0.8962995398503282
Croatia,EVAGO Corporate Events,False,2024-03-31,25174.042526682406,21889.77849073947,1144413,30409,1575,266974.48588717036,0.02657170095061835,0.7198453908625562,12.19630824496989,0.8695376782468733
Croatia,EVAGO Corporate Events,False,2024-04-30,24510.59491341783,21115.393841150308,1094013,31070,1459,261300.00827861959,0.028400028153230356,0.6796071400434601,12.37485837320213,0.8614802666250713
Croatia,EVAGO Corporate Events,False,2024-05-31,19267.88889677559,17774.774097348687,1093037,26329,1234,194056.28540693622,0.024087931149631713,0.6751025142371031,10.917510644249592,0.9225076079986755
Croatia,EVAGO Corporate Events,False,2024-06-30,25855.139093371632,23685.014426106347,971331,26047,1336,192245.53929171312,0.026815781643950414,0.9093183255694071,8.116758378657106,0.916066022332031
Croatia,EVAGO Corporate Events,False,2024-07-31,22076.471783805635,21000.731553443955,843939,24064,1423,201096.47207446402,0.028513909180639833,0.8727032726663878,9.575688902203304,0.9512720945223323
Croatia,EVAGO Corporate Events,False,2024-08-31,26720.319360235957,24440.16987646785,1021509,24432,1327,219631.99092918393,0.023917557260875823,1.0003343924552985,8.986516543841864,0.9146660841501271
Croatia,EVAGO Corporate Events,False,2024-09-30,23216.599645525428,20178.60538151247,895552,20969,1085,148540.79851052954,0.023414609090259414,0.9623065182656526,7.3613015221865545,0.8691455979601872
Croatia,EVAGO Corporate Events,False,2024-10-31,26629.407184943982,22964.739074716123,940765,23150,1105,155016.87462402892,0.0246076331496176,0.9919973682382774,6.750212755288845,0.8623826627165839
Croatia,EVAGO Corporate Events,False,2024-11-30,25765.67274598591,23241.081863507585,982363,24216,1108,139221.81169574772,0.02465076555204135,0.9597407442809541,5.990332658065691,0.9020172728510791
Croatia,EVAGO Corporate Events,False,2024-12-31,24499.61547620711,22072.001136133087,943077,22848,1035,152451.04371157452,0.024227077958639643,0.9660364642915392,6.906987851772249,0.9009121452362545
Croatia,EVAGO Crowd Control,False,2023-01-31,25030.946330451294,22637.03066347425,1044056,28203,1288,197013.58849483845,0.027012918847264897,0.8026461959179608,8.703155083529914,0.904361759424783
Croatia,EVAGO Crowd Control,False,2023-02-28,18585.7022112362,17202.158243539387,873947,23466,1111,150808.72455894508,0.026850598491670548,0.7330673418366738,8.76684904439734,0.9255586928074003
Croatia,EVAGO Crowd Control,False,2023-03-31,23191.61086336927,20708.508176539082,1042405,25702,1578,213736.10251125816,0.024656443512838102,0.8057158266492523,10.321173340405194,0.8929309955457987
Croatia,EVAGO Crowd Control,False,2023-04-30,25518.255563413742,23392.046333590515,934407,23063,1115,156962.01066189204,0.024681964069190408,1.0142672823826264,6.710058984300903,0.9166788958383333
Croatia,EVAGO Crowd Control,False,2023-05-31,20698.127067059246,18203.586707275077,943826,27163,1359,215078.80388578575,0.028779669133929348,0.6701611275365416,11.815188256269812,0.8794798992342553
Croatia,EVAGO Crowd Control,False,2023-06-30,21184.631394790988,19147.22964975221,964421,24620,1359,203593.26130849626,0.025528270330073693,0.7777103838242165,10.63304013336107,0.9038264245872247
Croatia,EVAGO Crowd Control,False,2023-07-31,26106.998711385997,24125.424172071547,1038349,28907,1235,189147.76924864232,0.027839387335086757,0.8345876144903154,7.840184193221628,0.9240979569800097
Croatia,EVAGO Crowd Control,False,2023-08-31,28135.98386833616,25474.335582216878,1067262,25518,1142,175785.51171477672,0.02390978035384001,0.9982888777418637,6.900494466183018,0.9054005611257595
Croatia,EVAGO Crowd Control,False,2023-09-30,25308.356167008475,22421.588586425987,1026863,25990,1196,174083.95586218976,0.02531009492015975,0.8627005997085797,7.764122296293495,0.8859361879715592
Croatia,EVAGO Crowd Control,False,2023-10-31,22389.021841282287,20261.04400225003,965216,22758,1213,203166.08393403818,0.023578142094619236,0.890282274463926,10.027424248793704,0.9049544078290835
Croatia,EVAGO Crowd Control,False,2023-11-30,24687.21976817702,22563.14227862942,944735,23196,966,134057.3523260193,0.02455291695554838,0.9727169459660898,5.941430970498781,0.9139604414959017
Croatia,EVAGO Crowd Control,False,2023-12-31,25986.850060211484,23716.603498030185,1013167,27219,1324,216702.0014955369,0.026865265055020543,0.8713253057801603,9.137143162744,0.9126386400459794
Croatia,EVAGO Crowd Control,False,2024-01-31,25971.400112403695,23341.980769434438,1008743,26454,1247,187021.216941679,0.02622471729667517,0.8823611086956391,8.012225645673446,0.8987571200786564
Croatia,EVAGO Crowd Control,False,2024-02-29,23673.742370995897,20232.750262587462,852218,20111,962,135695.22565697457,0.023598422000004695,1.0060539139071882,6.70671183580463,0.8546494232097331
Croatia,EVAGO Crowd Control,False,2024-03-31,25776.448236931665,23620.54776320142,1114507,28473,1377,188152.14500049918,0.02554761881262298,0.829577064699941,7.965613113071934,0.916361616080165
Croatia,EVAGO Crowd Control,False,2024-04-30,22817.603024030985,20663.373647508684,895982,20781,1098,171744.8689131941,0.023193546298921185,0.9943397164481346,8.311559953517117,0.9055891464912631
Croatia,EVAGO Crowd Control,False,2024-05-31,21675.89781954863,19872.550282954882,1018145,26227,1278,182477.09850421193,0.02575959219953936,0.7577134358849614,9.18236944458641,0.9168040211479784
Croatia,EVAGO Crowd Control,False,2024-06-30,23020.42117575875,20671.72889921262,1132679,30781,1527,222828.1678550308,0.027175395676974676,0.671574312050051,10.779367751069833,0.8979735314738994
Croatia,EVAGO Crowd Control,False,2024-07-31,22569.394911297873,20658.507988711994,1113191,30443,1604,253085.84915589137,0.02734750819940154,0.6785963271921951,12.250925831341736,0.9153328243802707
Croatia,EVAGO Crowd Control,False,2024-08-31,25614.17585421913,23483.36367034956,999336,24488,1212,177491.26349272288,0.024504270835834993,0.9589743413243041,7.558170370491939,0.9168112143839059
Croatia,EVAGO Crowd Control,False,2024-09-30,23900.81894006703,22443.506566485514,922385,24942,1186,166368.9093256868,0.027040769309995286,0.8998278633022818,7.412785913504377,0.93902667614713
Croatia,EVAGO Crowd Control,False,2024-10-31,28579.389760478916,25555.390080235502,1117405,32660,1604,202020.87654768286,0.029228435526957548,0.7824675468535058,7.9052159217059055,0.8941894944018308
Croatia,EVAGO Crowd Control,False,2024-11-30,24158.609928564874,21433.718645399567,1127740,30529,1684,224471.2700006197,0.027070956071434907,0.7020773246879874,10.472810328169496,0.8872082751771481
Croatia,EVAGO Crowd Control,False,2024-12-31,24568.74336779498,22021.176255939674,1030791,27873,1378,243345.5043605808,0.02704039907216885,0.7900540399648288,11.050522530327793,0.8963086115672204
Croatia,EVAGO Event Infrastructure,False,2023-01-31,24525.494693922967,22152.923462424253,1073897,25165,1254,172760.62675812276,0.02343334602852974,0.8803069128720148,7.798547539387251,0.9032610244519717
Croatia,EVAGO Event Infrastructure,False,2023-02-28,23243.063345582235,21956.631984703166,1017683,24776,1339,196023.7593726905,0.024345498549155287,0.8862056823015485,8.927769956214464,0.9446531061008541
Croatia,EVAGO Event Infrastructure,False,2023-03-31,23966.440858221784,21606.797330504105,1051514,26289,1313,214788.3980866469,0.025001093661140034,0.8218949876565904,9.940779042871492,0.9015438486808861
Croatia,EVAGO Event Infrastructure,False,2023-04-30,25346.066788588607,23162.548620257283,862590,23489,1198,180191.03708989054,0.027230781715531133,0.9861019464539692,7.779413226241466,0.9138517945784631
Croatia,EVAGO Event Infrastructure,False,2023-05-31,24940.255158317952,21635.31837611844,833081,19566,946,136673.01249463006,0.023486311655169186,1.1057609310088132,6.317125087721975,0.867485847228902
Croatia,EVAGO Event Infrastructure,False,2023-06-30,25683.01273954925,23442.171559168866,1002382,26751,1265,170766.1098286817,0.026687430540452643,0.876310102768826,7.284568726820467,0.9127500654574798
Croatia,EVAGO Event Infrastructure,False,2023-07-31,27127.155450356477,24127.80036170072,975838,22780,1008,142509.7125016651,0.023344038662154988,1.0591659509087235,5.906452737725648,0.88943348320672
Croatia,EVAGO Event Infrastructure,False,2023-08-31,27734.734982208563,24471.72113352263,1147507,29105,1485,201628.40909714106,0.025363679698685936,0.8408081475183862,8.239241040587865,0.8823491967462783
Croatia,EVAGO Event Infrastructure,False,2023-09-30,20782.597621114997,18420.906834638496,1027072,26044,1265,194944.14683231036,0.025357521186440676,0.7072994484195398,10.582766015934638,0.8863620982548862
Croatia,EVAGO Event Infrastructure,False,2023-10-31,24330.33517751372,21137.277502704903,992797,22714,1105,155294.05929578,0.022878795967352844,0.9305836709828698,7.346928159310359,0.8687622816737903
Croatia,EVAGO Event Infrastructure,False,2023-11-30,24605.955961593743,23019.009523062814,1023654,26339,1271,195747.1611631787,0.025730373739564345,0.8739515366210872,8.503717806235713,0.9355055970591869
Croatia,EVAGO Event Infrastructure,False,2023-12-31,24723.47494429029,20622.505805654448,1038579,28102,1243,157043.0367916738,0.02705812461064589,0.7338447728152604,7.615128746799259,0.8341265073831002
Croatia,EVAGO Event Infrastructure,False,2024-01-31,26651.673605780372,25821.315408350005,1031499,26395,1222,176874.8778004865,0.02558897294132132,0.9782654066433039,6.849956131332075,0.9688440504820578
Croatia,EVAGO Event Infrastructure,False,2024-02-29,27167.20151202539,24092.804442862434,947106,21402,1083,145660.51549891924,0.02259725944086512,1.1257267752014968,6.0458098949984045,0.88683423768171
Croatia,EVAGO Event Infrastructure,False,2024-03-31,23840.6770517893,21124.603678348594,1056338,25678,1225,181075.80875168275,0.024308507314893528,0.8226732486310692,8.571796730902658,0.8860739832371138
Croatia,EVAGO Event Infrastructure,False,2024-04-30,23666.129017908148,20793.95633126774,1021764,23308,1244,168462.07130734308,0.022811529864039053,0.8921381642040389,8.101492021219057,0.8786378336538672
Croatia,EVAGO Event Infrastructure,False,2024-05-31,25753.254074037144,24026.88121484665,1044722,25103,1229,185370.64694663713,0.02402840181407111,0.9571318653087938,7.715135613693101,0.9329648651689839
Croatia,EVAGO Event Infrastructure,False,2024-06-30,28933.51104049923,25305.344865768024,1002818,24027,1282,198554.26355765408,0.02395948217921896,1.0532045143283815,7.846336993662145,0.8746033217450611
Croatia,EVAGO Event Infrastructure,False,2024-07-31,23889.48088194474,21542.125638990023,996173,23362,1258,189948.18233627448,0.02345174984666318,0.9221010889046324,8.817522723592283,0.9017410527020364
Croatia,EVAGO Event Infrastructure,False,2024-08-31,25179.629998976747,23060.931722608206,947615,21173,1100,173169.95833080824,0.02234346227107,1.0891669448168992,7.509235117375501,0.9158566556992839
Croatia,EVAGO Event Infrastructure,False,2024-09-30,26493.233089742807,24241.805815816482,995878,25133,1228,193719.98315378616,0.025237027025398692,0.9645408751767192,7.9911531601904935,0.9150187798408796
Croatia,EVAGO Event Infrastructure,False,2024-10-31,23273.926253612826,20828.945791980776,1049339,26194,1293,189768.81170538944,0.02496238107989887,0.7951800332893325,9.110821718996991,0.8949476579503849
Croatia,EVAGO Event Infrastructure,False,2024-11-30,23747.805403156384,21479.579751432164,933670,26244,1428,204015.62318606206,0.0281084323154862,0.818456780652041,9.49811986765985,0.9044869362361061
Croatia,EVAGO Event Infrastructure,False,2024-12-31,23740.094773707497,21472.949693535727,893862,23880,1243,184896.8821955688,0.026715533270236347,0.8992022484730204,8.610688556273693,0.9045014309427836
Croatia,EVAGO Festival Equipment,False,2023-01-31,25077.50407517754,22435.81621185969,1133684,31763,1483,230390.87597188927,0.02801750752414253,0.7063506662424736,10.26888764805015,0.8946590595539899
Croatia,EVAGO Festival Equipment,False,2023-02-28,25752.960661056408,23096.704549845046,848787,19695,1003,132449.52502978675,0.02320370128194706,1.1727191952193474,5.73456376618349,0.8968562820340829
Croatia,EVAGO Festival Equipment,False,2023-03-31,22754.973266752564,19142.053474157503,954418,23677,1176,166552.17993321636,0.024807788620918717,0.8084661686090934,8.700852296649789,0.8412250478064098
Croatia,EVAGO Festival Equipment,False,2023-04-30,23815.80063413663,21269.118676122856,905591,25648,1202,162691.1112927475,0.028321836237330096,0.8292700669105917,7.649170319190885,0.8930675480057781
Croatia,EVAGO Festival Equipment,False,2023-05-31,26880.61530962578,23201.456484532177,1041760,25711,1359,217353.4606152722,0.02468034864076179,0.9023941692089835,9.368095522803761,0.8631296649010813
Croatia,EVAGO Festival Equipment,False,2023-06-30,27078.802085593452,23442.91374342198,1064620,28380,1380,198361.27998643878,0.026657398884108886,0.8260364250677231,8.46146013065882,0.8657293505569862
Croatia,EVAGO Festival Equipment,False,2023-07-31,25317.676285138972,23000.788750071082,1064827,26285,1254,176219.9283653846,0.024684760998735004,0.8750537854316561,7.661473277295328,0.9084873544880633
Croatia,EVAGO Festival Equipment,False,2023-08-31,25964.44243973596,22119.77124767854,1080758,25780,1249,185446.76253251624,0.02385362865692412,0.8580206069696873,8.383755892230523,0.851925524648527
Croatia,EVAGO Festival Equipment,False,2023-09-30,19026.380810420596,17313.14422812552,927851,24498,1245,181946.59458312832,0.02640294616269207,0.7067166392409796,10.5091595256021,0.9099546782246284
Croatia,EVAGO Festival Equipment,False,2023-10-31,25907.61096305905,23489.46654945837,955406,22313,995,154896.41420665264,0.023354469199481687,1.0527256106062999,6.5942925472789975,0.9066627788626035
Croatia,EVAGO Festival Equipment,False,2023-11-30,24989.212606697944,21516.700883210877,941963,22536,1238,184058.98726327653,0.02392450658889999,0.9547701847360169,8.554238322237156,0.8610395702281425
Croatia,EVAGO Festival Equipment,False,2023-12-31,26771.608124983362,24146.162404318136,1002435,26977,1343,216431.21822996097,0.026911470569164084,0.8950647738561789,8.963379546857345,0.9019317140603462
Croatia,EVAGO Festival Equipment,False,2024-01-31,26776.630357134327,24075.350694618028,992352,26777,1437,204182.0315502083,0.026983368804617717,0.8991056016214672,8.480957728929473,0.8991180134883338
Croatia,EVAGO Festival Equipment,False,2024-02-29,25718.936398056783,23177.130052477987,879075,23057,1294,199458.88201166745,0.026228706310610583,1.0052101336894648,8.605849022724117,0.9011698498631987
Croatia,EVAGO Festival Equipment,False,2024-03-31,21035.710272852157,19436.627710885172,993217,25609,1246,183237.32677830668,0.025783892140388252,0.7589764423009556,9.42742380540054,0.9239824783082938
Croatia,EVAGO Festival Equipment,False,2024-04-30,24101.94943617715,21757.228870230796,964446,24480,1189,166955.10145139726,0.025382447539831158,0.8887756891434149,7.673546224438197,0.9027165594154423
Croatia,EVAGO Festival Equipment,False,2024-05-31,26937.52281810669,24001.153534126843,931460,23852,1248,211008.16608034237,0.02560711141648595,1.0062532925594014,8.791584361989658,0.890993343975709
Croatia,EVAGO Festival Equipment,False,2024-06-30,26147.5298000961,23599.87055511676,955453,24281,1107,176217.6983743701,0.02541307631039936,0.9719480480670796,7.466892581585107,0.9025659683933134
Croatia,EVAGO Festival Equipment,False,2024-07-31,27966.640454096607,26210.847953878994,1073046,23584,1031,167873.10828439757,0.02197855450744889,1.1113826303374743,6.404718709588856,0.9372183261303944
Croatia,EVAGO Festival Equipment,False,2024-08-31,26184.088085515876,23166.003098253575,1069806,26078,1141,173990.66544689948,0.024376382259961152,0.8883351138221327,7.510603564583663,0.8847359137577986
Croatia,EVAGO Festival Equipment,False,2024-09-30,24056.880226777626,21533.45244860163,773414,18475,965,148843.25047047535,0.02388759448367886,1.165545464065041,6.912187018117531,0.8951057762108664
Croatia,EVAGO Festival Equipment,False,2024-10-31,23655.640137075177,20284.131750539058,1071609,23625,1101,174600.4386563657,0.022046287405200964,0.8585875873244045,8.607735386639146,0.8574754956112137
Croatia,EVAGO Festival Equipment,False,2024-11-30,26912.733126009116,23872.191554004083,918475,25571,1317,189217.41018427754,0.027840714227387788,0.9335650367214455,7.926268929110536,0.8870221928865865
Croatia,EVAGO Festival Equipment,False,2024-12-31,23019.221262270625,20269.252640259554,985306,25097,1307,222666.71664672144,0.025471274913580148,0.8076364760831795,10.985442857644017,0.8805359837902782
Croatia,EVAGO Sports Events,False,2023-01-31,25917.246575302255,23972.36431669021,945815,25012,1243,181825.4171599499,0.026444917875060134,0.9584345240960424,7.5847928371987114,0.9249579906969974
Croatia,EVAGO Sports Events,False,2023-02-28,21627.566746007928,18497.631264072563,949497,22516,1138,152711.08842406917,0.02371360836316492,0.8215327440074863,8.255710487681506,0.8552802763855487
Croatia,EVAGO Sports Events,False,2023-03-31,23321.024189198008,20669.30236988527,959485,25672,1329,172820.30243698804,0.026756020156646534,0.8051301951497846,8.36120636024869,0.8862947957259536
Croatia,EVAGO Sports Events,False,2023-04-30,26573.371766180513,23527.637549337036,929698,20448,963,144909.85804888725,0.02199423898943528,1.1506082526084231,6.159133391315378,0.8853839759725286
Croatia,EVAGO Sports Events,False,2023-05-31,25910.77552550354,22973.767234305957,1037961,25432,1221,197252.10433889818,0.024501883982153472,0.9033409576244872,8.58597122218372,0.886649155355974
Croatia,EVAGO Sports Events,False,2023-06-30,25865.17708781207,23345.95820393562,931402,23670,1136,171793.65639953155,0.025413301667808315,0.9863100212900558,7.358603784811492,0.9026019085303874
Croatia,EVAGO Sports Events,False,2023-07-31,24353.696061431827,21799.82520366108,821633,21912,984,166210.73629447387,0.02666884119795578,0.9948806682941347,7.624406835452988,0.895134157405568
Croatia,EVAGO Sports Events,False,2023-08-31,25183.39851255181,23603.049535318147,1065196,28283,1287,218799.40403549108,0.026551920961025013,0.8345313274871176,9.269963345545378,0.9372463976041204
Croatia,EVAGO Sports Events,False,2023-09-30,24105.73867335234,21970.954444124945,976314,24709,1349,169854.85389154468,0.025308456090970734,0.8891883299253286,7.730881893342783,0.9114408291670693
Croatia,EVAGO Sports Events,False,2023-10-31,26474.46764725774,24408.18573140844,869015,21266,1044,136904.56285389262,0.02447138426839583,1.1477563120195824,5.608961041202005,0.921951899340143
Croatia,EVAGO Sports Events,False,2023-11-30,23996.544161405403,20959.79474447654,933600,20867,985,158130.5530608461,0.022351113967437875,1.0044469614451785,7.54447049642591,0.873450552025196
Croatia,EVAGO Sports Events,False,2023-12-31,26918.189225335267,23736.258787957715,975914,24230,1259,194540.95031551883,0.02482800738589671,0.979622731653228,8.195939893199036,0.881792552584379
Croatia,EVAGO Sports Events,False,2024-01-31,23905.379904468515,20910.501349807026,863664,22841,1020,174706.60937125763,0.02644662739213398,0.915480992505014,8.354969899986157,0.8747194745856488
Croatia,EVAGO Sports Events,False,2024-02-29,25277.673612080736,22642.870493379032,897384,24471,1209,212482.38969712373,0.027269262656789067,0.9252940416566152,9.384074769109128,0.8957656009355831
Croatia,EVAGO Sports Events,False,2024-03-31,22250.25008866483,19192.32939868932,1160441,29432,1482,227464.15421777818,0.025362771567016332,0.6520905612492973,11.85182629437947,0.86256690698801
Croatia,EVAGO Sports Events,False,2024-04-30,23797.522841050155,21141.489810192837,1046384,27526,1217,187450.98918132592,0.02630583036437866,0.7680552862818004,8.866498570547812,0.8883903569040503
Croatia,EVAGO Sports Events,False,2024-05-31,22951.10931372245,20659.888327877827,1035511,25154,1440,234614.58928475107,0.024291388502874427,0.8213361027223435,11.356043438442466,0.9001694883447441
Croatia,EVAGO Sports Events,False,2024-06-30,24687.810163067123,21751.344865105653,939048,25123,1166,162526.14751991516,0.02675369097213348,0.8657940876927777,7.472004537091675,0.8810560645692905
Croatia,EVAGO Sports Events,False,2024-07-31,21386.643522051785,19186.361248126414,1004235,24598,1215,176122.39696938655,0.024494266780185913,0.7799967984440367,9.17956222608835,0.8971188596444946
Croatia,EVAGO Sports Events,False,2024-08-31,27973.438420922183,25760.78298340132,1067007,28765,1297,175001.51052971298,0.026958586026146033,0.8955599855171674,6.7933304140046245,0.9209015565327876
Croatia,EVAGO Sports Events,False,2024-09-30,25786.660920080216,23569.088453703287,1003626,20974,1073,172373.0013473442,0.020898223043245193,1.1237288287261984,7.313520066163616,0.9140031168343283
Croatia,EVAGO Sports Events,False,2024-10-31,24087.19710323571,21084.46938199968,1002717,29220,1296,168517.18314287963,0.029140824380159108,0.7215766386721314,7.992479207788213,0.8753392639099272
Croatia,EVAGO Sports Events,False,2024-11-30,23513.56743482834,21345.1633392648,909746,22029,1208,165202.9666925173,0.024214451066561435,0.9689574351656816,7.7395972130428055,0.9077807269537631
Croatia,EVAGO Sports Events,False,2024-12-31,22840.059844115967,20424.901256241596,1126483,31613,1475,229621.71470894365,0.028063450580257315,0.6460918374163033,11.24224356476505,0.8942577819691413
Croatia,EVAGO-Mojo Brand Transition,True,2023-01-31,23206.23349486499,20628.118387146867,986582,25376,1224,173458.88596291692,0.02572112606960192,0.8128987384594446,8.408856431180707,0.8889041985943733
Croatia,EVAGO-Mojo Brand Transition,True,2023-02-28,21448.837724273722,19465.751050363455,937764,20256,1017,128876.88460470378,0.02160031735063406,0.9609869199429035,6.620699312924659,0.9075433970174523
Croatia,EVAGO-Mojo Brand Transition,True,2023-03-31,26216.963021145348,23689.195533363447,880414,20597,978,141176.85202716014,0.023394675686665593,1.150128442654923,5.959546065138816,0.9035827496211851
Croatia,EVAGO-Mojo Brand Transition,True,2023-04-30,27483.720131670223,24547.60015176277,934802,21380,1044,163324.022662968,0.022871153463514197,1.1481571633191192,6.653360069955338,0.8931687571463776
Croatia,EVAGO-Mojo Brand Transition,True,2023-05-31,26273.30052992167,22689.523304830174,1068916,25280,1248,173673.5404251512,0.023650127793016475,0.8975286117417,7.6543494586410885,0.8635962306673245
Croatia,EVAGO-Mojo Brand Transition,True,2023-06-30,31448.76002977044,28312.871924825027,945083,23211,994,168192.1358332855,0.024559747662374627,1.2198040551818115,5.940483052367882,0.9002857949891545
Croatia,EVAGO-Mojo Brand Transition,True,2023-07-31,31091.434396746146,25738.435586815565,1055736,25051,1333,208319.62282877025,0.02372846999628695,1.0274414429290473,8.093717356134936,0.8278304326000863
Croatia,EVAGO-Mojo Brand Transition,True,2023-08-31,31950.22298897347,27838.417763068304,908129,24041,1216,188648.54288152765,0.02647311119895962,1.1579558988007281,6.776554058751043,0.8713058989502447
Croatia,EVAGO-Mojo Brand Transition,True,2023-09-30,31082.38867835879,27210.740626540337,876894,20429,934,124186.71833256948,0.023297000549667348,1.3319663530540085,4.563886005052079,0.8754391725847601
Croatia,EVAGO-Mojo Brand Transition,True,2023-10-31,34747.46278905807,30312.620275819103,1111911,26509,1312,198803.1222006506,0.02384093690951884,1.1434841101444453,6.558427492962041,0.872369313979509
Croatia,EVAGO-Mojo Brand Transition,True,2023-11-30,33819.78670002022,28842.683819256777,802741,17222,766,114714.88209484883,0.021453993255607973,1.6747580896096144,3.977261020982368,0.8528345868970113
Croatia,EVAGO-Mojo Brand Transition,True,2023-12-31,30897.08264248672,27447.565986335838,944527,22984,1134,168048.32760262428,0.024333872933224778,1.194203184229718,6.122522036609126,0.8883546159983585
Croatia,EVAGO-Mojo Brand Transition,True,2024-01-31,28530.39112876511,25317.241507774208,962740,22872,1301,190089.32800862988,0.02375719301161269,1.106909824579145,7.508295402177161,0.887378003109417
Croatia,EVAGO-Mojo Brand Transition,True,2024-02-29,28604.20857589614,24897.348110399176,946917,24779,1227,171316.6604201384,0.026168080201327045,1.0047761455425632,6.880919994390185,0.8704085639824128
Croatia,EVAGO-Mojo Brand Transition,True,2024-03-31,33696.98186220446,28558.662799851143,1127738,27716,1335,199935.15507472045,0.024576630387554557,1.0304034781300022,7.0008584251977855,0.8475139677682347
Croatia,EVAGO-Mojo Brand Transition,True,2024-04-30,32192.433901754946,28284.967023776688,904141,20084,898,140395.8524651601,0.022213349466510202,1.408333351114155,4.9636208642966295,0.8786215764268371
Croatia,EVAGO-Mojo Brand Transition,True,2024-05-31,31686.81083023682,25919.951416738124,997972,24922,1269,182856.00600259757,0.02497264452309283,1.0400429908008235,7.054643084111496,0.818004423215866
Croatia,EVAGO-Mojo Brand Transition,True,2024-06-30,27324.400746426178,23338.70182901104,920810,24181,1327,216837.00873348955,0.026260574928595477,0.9651669421864704,9.290877030013364,0.8541340776545141
Croatia,EVAGO-Mojo Brand Transition,True,2024-07-31,35595.45106691588,32194.311420678616,1030116,24725,1167,166038.73236661576,0.02400215121403803,1.3020955074086398,5.157393497161986,0.9044501602229044
Croatia,EVAGO-Mojo Brand Transition,True,2024-08-31,32749.33130858861,29239.479010164763,1027363,25711,1333,196864.0062019779,0.025026207873945237,1.1372361639051287,6.732815113892434,0.8928267491830167
Croatia,EVAGO-Mojo Brand Transition,True,2024-09-30,31979.792634762434,28584.560484405207,799210,19634,1012,143536.3369566332,0.02456675967517924,1.4558704535196703,5.021463843564846,0.8938319522851887
Croatia,EVAGO-Mojo Brand Transition,True,2024-10-31,31835.318836661685,27171.532141797892,1052845,27477,1442,211348.1667923677,0.026097858659156856,0.9888827798448845,7.778294050163311,0.853502748981645
Croatia,EVAGO-Mojo Brand Transition,True,2024-11-30,36001.12083064729,33129.55524456504,1186317,27769,1295,151274.82397427165,0.023407740089706208,1.1930409897571046,4.566159215164488,0.9202367726385418
Croatia,EVAGO-Mojo Brand Transition,True,2024-12-31,29537.1536491689,25839.32470005834,1091810,29114,1389,202538.27563180443,0.0266658118170744,0.8875223157263976,7.838373408858752,0.8748075392425428
Croatia,EVAGO-Mojo Partnership,True,2023-01-31,24640.00886212715,22019.240461133235,1059241,21813,1073,156586.6804528255,0.02059304728574517,1.0094549333486103,7.111357030194613,0.8936376843182813
Croatia,EVAGO-Mojo Partnership,True,2023-02-28,27567.11016691303,25754.822580660784,902239,24761,1133,176191.02712377228,0.027443947778803622,1.0401366092104836,6.8410887542309675,0.9342590654123981
Croatia,EVAGO-Mojo Partnership,True,2023-03-31,24503.136937793875,22313.972769904463,1015720,25160,1182,190097.56560939047,0.024770606072539676,0.8868828604890486,8.519216527223733,0.9106577997157244
Croatia,EVAGO-Mojo Partnership,True,2023-04-30,22108.341563527392,19654.712393902908,1042971,30563,1525,251579.20735002126,0.02930378697010751,0.6430884531591436,12.799943459262405,0.8890179454404536
Croatia,EVAGO-Mojo Partnership,True,2023-05-31,22471.567458536523,19528.415576393058,1052965,26304,1378,225962.8342131918,0.024980887303946476,0.7424123926548456,11.570976320595468,0.8690277441672002
Croatia,EVAGO-Mojo Partnership,True,2023-06-30,28994.45574447734,26021.885767691234,980791,24829,1145,165263.31678071854,0.025315281237287046,1.04804405202349,6.350935449340471,0.8974779867232962
Croatia,EVAGO-Mojo Partnership,True,2023-07-31,33294.851190825924,28972.719503555614,1019633,26937,1192,182811.79407446602,0.026418328947768462,1.0755733564819994,6.309790630873668,0.8701861839688525
Croatia,EVAGO-Mojo Partnership,True,2023-08-31,36136.59867994454,30237.214552060905,1163436,29512,1559,238572.63824038088,0.025366242749923502,1.0245735481180844,7.890033581949773,0.8367476646008266
Croatia,EVAGO-Mojo Partnership,True,2023-09-30,33007.21891820228,28764.766425998507,1055907,24227,1289,201991.7574981164,0.022944255507350554,1.1873020359928388,7.022193558142362,0.8714689503918123
Croatia,EVAGO-Mojo Partnership,True,2023-10-31,37507.42870763847,32950.52176629875,1015224,26338,1074,176372.2770231808,0.025943043111667966,1.2510639291631387,5.352639884554771,0.8785065492796178
Croatia,EVAGO-Mojo Partnership,True,2023-11-30,27994.011031868307,23529.069827143787,957966,26046,1421,219427.52889193306,0.0271888563894752,0.9033659612663667,9.325805503743092,0.8405036991790265
Croatia,EVAGO-Mojo Partnership,True,2023-12-31,31477.392890654406,27786.91216305241,1018744,27078,1392,200057.9016092804,0.026579788445379803,1.026180373847862,7.199716918358874,0.8827577385324789
Croatia,EVAGO-Mojo Partnership,True,2024-01-31,36599.916812347066,31666.695149527175,990789,25566,1425,225937.32779703272,0.025803677675065025,1.2386253285428763,7.134856565555003,0.8652122165164141
Croatia,EVAGO-Mojo Partnership,True,2024-02-29,32212.891312444135,27933.10610345337,872981,20414,905,130156.54498387587,0.02338424318513232,1.368330856444272,4.659580087578753,0.867140606303246
Croatia,EVAGO-Mojo Partnership,True,2024-03-31,36724.88029303536,32004.159830260716,981821,22434,1159,174527.94413061297,0.022849378858264387,1.4265917727672603,5.453289355391624,0.8714571586045469
Croatia,EVAGO-Mojo Partnership,True,2024-04-30,31643.144317765924,26805.092618533738,1086281,24922,1214,166769.15033959737,0.022942498303845874,1.0755594502260548,6.22154725271454,0.8471058485639849
Croatia,EVAGO-Mojo Partnership,True,2024-05-31,34778.162214606826,29668.634447791745,942476,23292,1138,162438.5368204416,0.02471362665998922,1.273769296230111,5.475093136028443,0.8530822952838756
Croatia,EVAGO-Mojo Partnership,True,2024-06-30,33978.272834968186,28947.29132925748,1019805,24799,1166,165807.3968427459,0.024317394011600258,1.1672765566860552,5.727907145328024,0.8519353373214088
Croatia,EVAGO-Mojo Partnership,True,2024-07-31,30880.974657982282,27582.49710167949,870688,22479,1045,160679.55374011077,0.025817514425373958,1.2270339918003244,5.825417225561026,0.893187388259775
Croatia,EVAGO-Mojo Partnership,True,2024-08-31,31224.595263382984,26526.364180402434,898052,22232,1121,171771.68730341736,0.02475580478635981,1.193161397103384,6.475508144848647,0.8495342840043101
Croatia,EVAGO-Mojo Partnership,True,2024-09-30,24832.561194620077,20687.21431160819,1010330,25520,1281,201632.8854591452,0.0252590737679768,0.8106275200473428,9.746739334836553,0.8330680894925181
Croatia,EVAGO-Mojo Partnership,True,2024-10-31,35411.38542610201,31113.134604078772,975935,24950,1053,177437.2224057614,0.02556522719238474,1.2470194230091691,5.702968365730024,0.8786195239100991
Croatia,EVAGO-Mojo Partnership,True,2024-11-30,33932.44619309807,29416.86118804081,1074245,29498,1558,198234.82556805597,0.027459285358554148,0.99724934531293,6.738816364563285,0.8669242712605925
Croatia,EVAGO-Mojo Partnership,True,2024-12-31,32378.898183230773,28208.43152756691,934506,25439,1069,162349.55538077993,0.027221869094473442,1.1088655814916826,5.755355636208364,0.8711980058103468
Croatia,Mojo Equipment Integration,True,2023-01-31,26756.077772262135,23977.93489448166,1011307,25394,1331,194417.78169397055,0.02511008032180139,0.9442362327511089,8.108195411720562,0.8961677828332313
Croatia,Mojo Equipment Integration,True,2023-02-28,26111.00839333104,24239.659624685843,810455,20700,1134,160530.01626339162,0.02554120833359039,1.1709980495017316,6.622618417459406,0.9283310418174751
Croatia,Mojo Equipment Integration,True,2023-03-31,24125.671781806122,22479.818757732148,989575,25949,1337,209447.7797052543,0.026222368188363692,0.8663077096509364,9.317147169312152,0.9317800126371958
Croatia,Mojo Equipment Integration,True,2023-04-30,22634.27322089057,20157.16633676002,1047339,25728,1275,173689.0551245121,0.024565112155663066,0.7834719502782967,8.616739685665072,0.8905594688216331
Croatia,Mojo Equipment Integration,True,2023-05-31,24299.572752996643,21618.90230774701,1025714,26496,1128,178888.79919051836,0.02583176207012871,0.8159307936196788,8.274647650654057,0.8896824041929275
Croatia,Mojo Equipment Integration,True,2023-06-30,29711.558159835222,25461.258329713004,905603,21274,1179,210188.64497581148,0.02349152995297056,1.1968251541653194,8.255233981524144,0.8569479322741184
Croatia,Mojo Equipment Integration,True,2023-07-31,32068.870274853867,26773.237938158705,1202642,30501,1383,187651.9373429205,0.02536166207400041,0.8777823001920824,7.008936975660629,0.8348668883154384
Croatia,Mojo Equipment Integration,True,2023-08-31,32032.96482415024,27822.72840780051,1038035,28067,1318,189539.29503759282,0.027038587330870348,0.9912968399829163,6.81239065628275,0.8685655093288288
Croatia,Mojo Equipment Integration,True,2023-09-30,34482.995357409876,29173.89131484022,1146304,31339,1580,279684.0354661646,0.02733917006308972,0.9309132810504553,9.586792260513237,0.8460370397773809
Croatia,Mojo Equipment Integration,True,2023-10-31,32929.113828328685,28963.25229147183,1071004,30958,1399,180045.9108936892,0.028905587654201106,0.9355660020502561,6.216356819386038,0.8795636725138636
Croatia,Mojo Equipment Integration,True,2023-11-30,32992.1624947857,29356.125017351256,949685,23507,1065,165036.5703129387,0.02475241790699021,1.2488248188774091,5.6218785761197045,0.8897908714529063
Croatia,Mojo Equipment Integration,True,2023-12-31,37521.696534837756,32512.013314226446,826801,22930,1163,165567.60442545626,0.02773339654886726,1.4178810865340796,5.092505432538316,0.8664856953906662
Croatia,Mojo Equipment Integration,True,2024-01-31,31514.273223437594,27002.25773019518,1100118,26406,1148,188040.7430001814,0.024002879691087685,1.022580388176747,6.96388964504644,0.856826287528447
Croatia,Mojo Equipment Integration,True,2024-02-29,29763.212631574286,25583.307627936687,964775,23367,1217,204768.13357170267,0.02422015495840999,1.094847760856622,8.003974175258643,0.8595613633723347
Croatia,Mojo Equipment Integration,True,2024-03-31,32546.848652939392,26958.220378983813,1087961,29659,1293,190355.73617715435,0.027261087483834438,0.9089389520544797,7.061138810392416,0.8282897268012197
Croatia,Mojo Equipment Integration,True,2024-04-30,29978.711915503805,26466.405024050822,1001848,26064,1257,172638.11082406717,0.02601592257508125,1.0154391123408082,6.522915018763814,0.8828399665284966
Croatia,Mojo Equipment Integration,True,2024-05-31,31788.971390375176,26296.500416107898,969808,22978,1023,170016.44855349706,0.023693349611469485,1.1444207683918486,6.465364054653966,0.8272208651604799
Croatia,Mojo Equipment Integration,True,2024-06-30,33128.02558480527,29377.30575235491,935717,22683,1184,168668.76131776144,0.024241303727515904,1.2951243553478335,5.741464610117992,0.8867810632768078
Croatia,Mojo Equipment Integration,True,2024-07-31,31659.10183276087,28845.786011059627,985634,25003,1356,241585.14375334955,0.025367428477507878,1.1536929972827112,8.375058445650415,0.9111372193512445
Croatia,Mojo Equipment Integration,True,2024-08-31,32461.29301111575,28495.71828667411,1012962,26906,1402,198188.9027689052,0.02656170715189711,1.0590841554550698,6.955041482901917,0.8778368217469432
Croatia,Mojo Equipment Integration,True,2024-09-30,35194.095336227394,30846.90060224818,1151816,31479,1418,162932.14598869678,0.02732988602346208,0.9799199657628318,5.281961649554574,0.8764794295051993
Croatia,Mojo Equipment Integration,True,2024-10-31,32078.44597134134,27684.015999217918,1044898,27525,1390,232861.4573686621,0.026342284127254527,1.0057771480188162,8.411404522206622,0.8630098859511656
Croatia,Mojo Equipment Integration,True,2024-11-30,28008.081855151086,23773.824305332273,967192,25794,1347,172961.0401467642,0.026668955078205776,0.9216804026258926,7.275272077617334,0.8488201522790083
Croatia,Mojo Equipment Integration,True,2024-12-31,34905.561979204984,29958.017173571756,1088205,26396,1403,190047.5892256281,0.024256459031156814,1.1349453392018396,6.343797325588141,0.858259127626115
Croatia,Mojo Legacy Support,True,2023-01-31,23534.323580182856,21862.547844692974,1106297,28265,1509,219622.90356262255,0.02554919700586732,0.7734847990338926,10.045622546959224,0.928964360084791
Croatia,Mojo Legacy Support,True,2023-02-28,19968.6342113995,18600.898975661745,869608,23758,1188,153803.90084799618,0.027320355838492745,0.7829320218731267,8.26862728781228,0.9315058195138375
Croatia,Mojo Legacy Support,True,2023-03-31,21475.4041863454,19423.046432977684,906151,25825,1189,191721.56883672436,0.028499665066859716,0.7521024756235308,9.870828940160864,0.9044321710753804
Croatia,Mojo Legacy Support,True,2023-04-30,24262.40743729272,21696.50803589509,1017859,23612,1039,157962.25945619267,0.02319771206031484,0.9188763355876288,7.280538379487477,0.8942438252251219
Croatia,Mojo Legacy Support,True,2023-05-31,24885.568087109605,21933.552935315296,999069,22146,1221,173642.97210252582,0.022166637139176572,0.99040697802381,7.916773566718533,0.8813764210058996
Croatia,Mojo Legacy Support,True,2023-06-30,34765.61374664052,30262.38038049283,1110249,28573,1414,200886.12980338882,0.02573566830503788,1.0591250614388699,6.638147008847998,0.8704687511353701
Croatia,Mojo Legacy Support,True,2023-07-31,27870.490467602765,23819.434582205922,879648,20428,856,134044.69840660683,0.023222925533849904,1.1660189241338321,5.627534857890524,0.8546471261384555
Croatia,Mojo Legacy Support,True,2023-08-31,32992.52203683013,28520.6533082719,1052516,27558,1425,241382.58817947214,0.02618297489064299,1.0349319002929058,8.463431239475272,0.8644581119453006
Croatia,Mojo Legacy Support,True,2023-09-30,26504.49361257823,22714.752022837358,964510,26603,1374,214971.49628390424,0.02758188095509637,0.8538417480298222,9.463959635912927,0.8570151293914035
Croatia,Mojo Legacy Support,True,2023-10-31,34853.02009338551,28596.450134282142,1027853,27807,1491,198316.0009977636,0.0270534794372347,1.0283903381983723,6.93498668773637,0.8204870067977049
Croatia,Mojo Legacy Support,True,2023-11-30,33184.4244569062,29176.448868525953,962337,22593,1130,149436.78221496896,0.023477222636145136,1.291393301842427,5.12182900970425,0.8792211812024926
Croatia,Mojo Legacy Support,True,2023-12-31,34052.29420055142,28630.222871022015,894196,21755,1018,153665.34548826166,0.02432911800097518,1.3160295504951511,5.367242378116223,0.84077221647399
Croatia,Mojo Legacy Support,True,2024-01-31,32226.848214223985,27106.925810589433,1126038,30999,1457,207276.93397179132,0.02752926633026594,0.874445169540612,7.646641135927621,0.8411286648448989
Croatia,Mojo Legacy Support,True,2024-02-29,25274.579920316984,21254.082963172765,966966,23527,1201,162037.30070597577,0.024330741722046068,0.9033911235250038,7.623819902591891,0.8409272490454989
Croatia,Mojo Legacy Support,True,2024-03-31,30430.13107910437,26418.43863965232,962855,23961,1331,209350.86024471722,0.024885366955564443,1.1025599365490721,7.924422146980916,0.8681670996084936
Croatia,Mojo Legacy Support,True,2024-04-30,30127.893695166113,26112.379146115632,987070,25623,1294,169639.43369471753,0.02595864528351586,1.0190992134455619,6.496513885061001,0.8667177138342481
Croatia,Mojo Legacy Support,True,2024-05-31,33761.7747074676,29866.908042739993,1021941,26899,1479,264236.85498810455,0.02632148039857487,1.1103352556875719,8.847144626085086,0.8846367912091386
Croatia,Mojo Legacy Support,True,2024-06-30,33100.984996036794,28815.93061316739,1002484,24413,1280,196023.11341179133,0.02435250836921088,1.1803518868294511,6.802595274234139,0.8705460159755833
Croatia,Mojo Legacy Support,True,2024-07-31,33413.23356416604,29263.64226060881,981176,26216,1460,224984.31813084264,0.0267189576589725,1.116251230569454,7.6881857742530375,0.8758099453143783
Croatia,Mojo Legacy Support,True,2024-08-31,32683.02692420528,27232.10947578792,1018953,23793,1197,151637.1928216192,0.023350439127221765,1.1445429107631622,5.568323414550014,0.8332187082592288
Croatia,Mojo Legacy Support,True,2024-09-30,28171.82059645754,24482.039206613692,1013953,24537,1215,192578.8348330783,0.024199346518033873,0.9977600850394788,7.866127213008227,0.8690258097729112
Croatia,Mojo Legacy Support,True,2024-10-31,38844.15250865743,34192.15084756147,1017329,25008,1221,176075.57049493163,0.024582018206499568,1.3672485143778579,5.149590363002539,0.8802393317743477
Croatia,Mojo Legacy Support,True,2024-11-30,34671.36975010889,30606.058695026783,817541,19983,1079,157742.9861123407,0.024442810819273894,1.531604798830345,5.153979075978593,0.8827473190594283
Croatia,Mojo Legacy Support,True,2024-12-31,30118.37613519283,25711.531237076317,955433,23463,1075,161727.45093237847,0.02455745196157135,1.0958330664056735,6.290074653319973,0.853682519989277
Croatia,Mojo-EVAGO Joint Events,True,2023-01-31,22481.504116148266,20393.237445986637,1029071,24972,1364,251582.0773387583,0.02426654720616945,0.816644139275454,12.33654430813629,0.9071117902355277
Croatia,Mojo-EVAGO Joint Events,True,2023-02-28,24392.414108305973,22338.631913968795,842809,20641,825,123460.55208347579,0.024490720910668964,1.0822456234663433,5.526773195375203,0.9158024218013815
Croatia,Mojo-EVAGO Joint Events,True,2023-03-31,26566.92502423941,23648.95067713741,1083224,28989,1316,219462.06055279405,0.026761777804036838,0.8157904956065201,9.279991469767776,0.8901651454039312
Croatia,Mojo-EVAGO Joint Events,True,2023-04-30,23803.75789794378,21377.219177977153,858692,20157,925,125048.78204674317,0.02347407452264607,1.0605357532359554,5.84962810202969,0.8980606872927306
Croatia,Mojo-EVAGO Joint Events,True,2023-05-31,29829.645411463873,26467.365224535304,1119977,31376,1495,242691.14634328376,0.028014861019467364,0.8435544755397535,9.169448650608734,0.887283937152119
Croatia,Mojo-EVAGO Joint Events,True,2023-06-30,36291.8079259641,32684.651639816024,925373,24149,1147,181854.6027442127,0.026096503788202163,1.3534577680159023,5.563914364094973,0.9006068726720163
Croatia,Mojo-EVAGO Joint Events,True,2023-07-31,33398.561415790995,28824.141923420964,925604,23366,1208,179588.96106201038,0.02524405685368689,1.233593337474149,6.230505023848982,0.8630354333103933
Croatia,Mojo-EVAGO Joint Events,True,2023-08-31,31091.697478885722,27959.48587340284,918590,20114,909,143413.0271167655,0.021896602401506655,1.390051002953308,5.129315602086615,0.8992589064135221
Croatia,Mojo-EVAGO Joint Events,True,2023-09-30,34373.62952706931,30141.84599447233,963929,23005,1039,149665.1742013511,0.023865865639481745,1.3102302105834527,4.965361916745178,0.876888661720624
Croatia,Mojo-EVAGO Joint Events,True,2023-10-31,34907.39250135406,29616.995424388286,1102761,25361,1301,218362.98029633562,0.022997730242545755,1.1678165460505614,7.3728944198209705,0.8484447935559621
Croatia,Mojo-EVAGO Joint Events,True,2023-11-30,32751.15890576811,27755.62604535733,990413,21379,1018,145929.12132367786,0.02158594444943675,1.298265870497092,5.257641138600343,0.8474700429751519
Croatia,Mojo-EVAGO Joint Events,True,2023-12-31,30322.590002693287,25618.916468888194,931108,22075,1053,144976.68360657623,0.02370831310653544,1.1605398173901786,5.658970151319124,0.8448788994150135
Croatia,Mojo-EVAGO Joint Events,True,2024-01-31,27671.230838260788,23913.009893883245,1032832,26538,1473,211685.0782475193,0.025694401412814476,0.9010856090844542,8.85229752285038,0.8641830944801674
Croatia,Mojo-EVAGO Joint Events,True,2024-02-29,28722.31622086184,24999.568917704848,910772,24100,1108,188719.2032295722,0.026461068192698063,1.037326511108085,7.548898297039038,0.8703883323848006
Croatia,Mojo-EVAGO Joint Events,True,2024-03-31,31708.253071162235,26776.10691777648,868369,23234,1152,184312.1772041301,0.02675590676313871,1.1524535989401945,6.883456873327857,0.8444522899979184
Croatia,Mojo-EVAGO Joint Events,True,2024-04-30,34525.19417260363,30223.44635215432,952601,22086,995,145907.95522951285,0.02318494311889238,1.3684436453932047,4.827641213693441,0.8754026465733007
Croatia,Mojo-EVAGO Joint Events,True,2024-05-31,33266.61429199521,27700.52952158776,1004392,23186,1339,170132.13234764576,0.023084612382416426,1.194709286706968,6.141836827164523,0.8326825591101168
Croatia,Mojo-EVAGO Joint Events,True,2024-06-30,30205.467694022624,25710.742766099927,975371,22138,1205,204285.2921666668,0.02269700452443224,1.1613850739045952,7.945522773306285,0.8511949898126504
Croatia,Mojo-EVAGO Joint Events,True,2024-07-31,29974.70849402426,25913.710228751675,1028960,21063,1163,178352.29928558608,0.02047018348623853,1.2302953154228589,6.882545869008806,0.8645191740202517
Croatia,Mojo-EVAGO Joint Events,True,2024-08-31,31800.348817498605,28270.238796338057,842704,18423,925,126954.75059555234,0.021861768782395718,1.5345078866817596,4.490756215755674,0.8889914685709971
Croatia,Mojo-EVAGO Joint Events,True,2024-09-30,27922.375384248473,24258.863221139418,1009451,24074,1355,212449.31825921303,0.02384860681697279,1.007678957428737,8.757595783551908,0.8687965435356295
Croatia,Mojo-EVAGO Joint Events,True,2024-10-31,27366.083582063184,23673.98660161212,985497,25796,1294,212627.82502157433,0.026175625090690283,0.9177386649717832,8.98149638249331,0.8650849337144095
Croatia,Mojo-EVAGO Joint Events,True,2024-11-30,28129.159621667448,23782.976084847316,854154,20805,1034,142695.00470319783,0.024357434373660957,1.1431375190986452,5.999880090453108,0.8454918811910636
Croatia,Mojo-EVAGO Joint Events,True,2024-12-31,33775.1589134371,27979.287252877188,990224,24312,1440,201490.43250729394,0.024552020552925397,1.1508426806876106,7.20141405627029,0.8283983896148572
Croatia,Unified Rental Solutions,False,2023-01-31,27104.90017567861,24426.039141735135,1063523,29797,1408,207096.540172314,0.028017259617328445,0.8197482680046694,8.478515037604359,0.9011669101682495
Croatia,Unified Rental Solutions,False,2023-02-28,25530.29752941675,22621.20053711674,976395,25238,1339,174751.18386860593,0.025848145473911684,0.8963151017163301,7.725106524822817,0.8860531496372862
Croatia,Unified Rental Solutions,False,2023-03-31,25453.65513852309,22892.27920770424,957766,23221,1186,179164.93148923203,0.024244961712986263,0.9858438141210215,7.826434836987978,0.8993709973330192
Croatia,Unified Rental Solutions,False,2023-04-30,24487.65607187661,20832.591430499284,941949,23361,1218,161660.20555099135,0.02480070577069459,0.8917679650057482,7.759966209211877,0.850738485110665
Croatia,Unified Rental Solutions,False,2023-05-31,22912.508562015042,19550.064496427236,1112056,25454,1172,187309.36162376922,0.022889135079528368,0.768054706389064,9.581009907051708,0.8532485407921613
Croatia,Unified Rental Solutions,False,2023-06-30,25706.486168652773,22899.39673971434,903692,22446,1226,188017.2708422197,0.02483810855911085,1.0201994448772316,8.210577465394188,0.8908022897208924
Croatia,Unified Rental Solutions,False,2023-07-31,25146.498293853016,23042.25511441258,1124818,27142,1272,201779.201071677,0.024130125940374354,0.848951997436172,8.756920712394473,0.9163206282301813
Croatia,Unified Rental Solutions,False,2023-08-31,22248.488546811313,19249.450502761214,1087616,26483,1183,195070.77346139742,0.024349586618806637,0.7268606465567048,10.133835946819143,0.8652026164500992
Croatia,Unified Rental Solutions,False,2023-09-30,20609.543409439764,17806.900047134666,891122,22813,1139,191789.26104231155,0.025600310619645794,0.7805593322725931,10.770502475705907,0.8640123506558904
Croatia,Unified Rental Solutions,False,2023-10-31,26103.57819917708,24575.862054729172,980690,27338,1469,191819.63912624936,0.027876291182738683,0.898963422881307,7.805204907932708,0.9414748379401845
Croatia,Unified Rental Solutions,False,2023-11-30,26378.185027803687,23925.72257254701,810213,18084,814,104564.15727788435,0.02232005657771475,1.3230326571857447,4.370365699962766,0.9070268688815518
Croatia,Unified Rental Solutions,False,2023-12-31,24424.523566499665,22307.939383324217,844928,19799,981,146385.35547449157,0.023432765868807756,1.1267205102946722,6.562029462206561,0.9133418436018738
Croatia,Unified Rental Solutions,False,2024-01-31,25949.62991861986,23131.10937015461,1022428,25467,1332,214846.49437187298,0.024908355404977173,0.9082777465015357,9.288205374580222,0.891384942394001
Croatia,Unified Rental Solutions,False,2024-02-29,26997.741173690898,23799.868697468715,1052425,26592,1206,197705.69300045542,0.025267358719148633,0.8950010791767717,8.307007719814976,0.8815503691346414
Croatia,Unified Rental Solutions,False,2024-03-31,23636.139725872836,20933.278875252825,1031463,24444,1107,131438.6490780851,0.023698377935030147,0.8563769790235978,6.278932691880914,0.8856471115009793
Croatia,Unified Rental Solutions,False,2024-04-30,26034.560162720896,23549.40921882136,1054360,24300,1206,188021.55577604455,0.023047156568913842,0.9691114904864758,7.984130473463103,0.9045441548323891
Croatia,Unified Rental Solutions,False,2024-05-31,21426.632623013636,19634.97345730471,957885,23508,1245,208988.93963005012,0.024541568142313536,0.8352464462014936,10.643708792603482,0.9163816733486827
Croatia,Unified Rental Solutions,False,2024-06-30,25631.260110829524,23251.273071686323,963025,22875,1241,191960.3024563262,0.023753277433088447,1.0164490960300032,8.255905036446423,0.9071451411732337
Croatia,Unified Rental Solutions,False,2024-07-31,18188.83774341004,16370.994767984595,1160757,31650,1536,190274.1688696517,0.027266688893541027,0.5172510195255796,11.622639403792078,0.9000572218483799
Croatia,Unified Rental Solutions,False,2024-08-31,21792.527875625594,19401.20358984429,1027059,24319,1152,166624.15063961854,0.023678289173260737,0.7977796615750766,8.588340917510873,0.8902686141126407
Croatia,Unified Rental Solutions,False,2024-09-30,21381.070650778016,20081.298897900033,1059448,29201,1485,235154.8698213808,0.027562466491984506,0.6876921645799813,11.710142407470052,0.9392092297851938
Croatia,Unified Rental Solutions,False,2024-10-31,25782.049142076725,23170.910839318574,977366,23557,1025,158808.12878083516,0.024102536818346454,0.9836104274448603,6.853771519044242,0.8987226233117084
Croatia,Unified Rental Solutions,False,2024-11-30,23141.058074706772,20594.054303298664,831106,20725,947,142861.28703089742,0.024936650679937337,0.9936817516670043,6.937016137129178,0.8899357253594212
Croatia,Unified Rental Solutions,False,2024-12-31,23845.426170759914,20668.892659977915,1006918,26041,1339,189744.67186162333,0.02586208608844017,0.7937057970115554,9.180205005807315,0.8667864651260805
England,EVAGO Construction Safety,False,2023-01-31,26141.26030373497,23023.94131717924,955164,20915,1003,154380.51414924514,0.02189676327834801,1.1008339142806234,6.705216627443999,0.8807510062508219
England,EVAGO Construction Safety,False,2023-02-28,24002.039374047163,21569.28458916942,870083,24352,1279,184733.87311315018,0.027988134465332618,0.8857294919994013,8.564673174459879,0.8986438299277093
England,EVAGO Construction Safety,False,2023-03-31,27411.726057289317,23985.641366449974,1070383,28280,1232,192290.678110615,0.026420449502654656,0.8481485631700839,8.016907914731956,0.8750139015806967
England,EVAGO Construction Safety,False,2023-04-30,23475.890301725434,21372.291951152587,1035705,25553,1354,194346.2559791603,0.02467208326695343,0.8363907154209912,9.093374562884886,0.9103932450042912
England,EVAGO Construction Safety,False,2023-05-31,25869.29830957932,22412.4925173556,959924,23410,1122,156026.24027089987,0.024387347331663756,0.9573896846371466,6.961574673146129,0.8663741957413791
England,EVAGO Construction Safety,False,2023-06-30,24348.33211574444,21751.106632298703,959983,25831,1527,243231.89769180454,0.026907768158394473,0.8420543777747165,11.182506793958892,0.8933304560205877
England,EVAGO Construction Safety,False,2023-07-31,26119.663329479332,23358.279737083853,1020151,21298,949,150332.1386098087,0.020877301497523405,1.096735831396556,6.435925089600661,0.8942795105142527
England,EVAGO Construction Safety,False,2023-08-31,29016.67986401901,26738.329759717402,896964,21272,1129,158926.76324568223,0.023715556031234254,1.256973004875771,5.943780508127069,0.9214813646847727
England,EVAGO Construction Safety,False,2023-09-30,21331.377781743096,19125.8208632065,919289,23342,1269,152945.0168097686,0.025391362237555327,0.8193736981923785,7.996781832459709,0.896605041591628
England,EVAGO Construction Safety,False,2023-10-31,21134.856992850062,19381.388114424033,1148370,27891,1399,195309.72668419537,0.024287468324668878,0.6948975696254718,10.077179484313707,0.9170342681278029
England,EVAGO Construction Safety,False,2023-11-30,21467.206308913068,18526.064458058674,926365,24896,985,121991.44624587927,0.026874935905393662,0.7441381932060843,6.584854895763578,0.8629937305985992
England,EVAGO Construction Safety,False,2023-12-31,22532.982098010438,20688.22343056034,993569,25993,1278,206379.3183194948,0.02616124295343353,0.7959151860331759,9.97569071178119,0.9181307356733319
England,EVAGO Construction Safety,False,2024-01-31,22282.69784029558,20769.363963002583,1087475,24911,1295,195809.8990076528,0.02290719326881078,0.8337426824696954,9.427823565346436,0.932084800137786
England,EVAGO Construction Safety,False,2024-02-29,23024.764532664325,20672.154697539878,980226,25900,1206,170713.69212756734,0.026422478081585266,0.7981526910247058,8.258146991705871,0.8978226321582184
England,EVAGO Construction Safety,False,2024-03-31,21874.56537916737,19170.149959013437,1064120,28202,1367,214476.4936207585,0.02650265007705898,0.6797443429194184,11.188044646459105,0.8763671244078967
England,EVAGO Construction Safety,False,2024-04-30,23190.31622040749,22219.95417575626,862421,19110,838,137650.62939038544,0.022158551333977258,1.1627396219652673,6.194910588095328,0.9581565841781272
England,EVAGO Construction Safety,False,2024-05-31,23766.640436451824,21540.339020193696,1078448,26314,1232,180440.0151854293,0.0243998783436939,0.8185885467885421,8.376841934394342,0.9063266252455453
England,EVAGO Construction Safety,False,2024-06-30,23176.7403716625,19933.56587860643,1007874,24978,1039,164209.63679190408,0.024782859762232184,0.798044914669166,8.23784554113025,0.8600677040408408
England,EVAGO Construction Safety,False,2024-07-31,25774.324027197636,23378.660449429353,807760,20039,1038,174624.2082829155,0.02480811132019412,1.1666580392948427,7.469384683551357,0.9070523217120913
England,EVAGO Construction Safety,False,2024-08-31,26292.667695128966,23989.343815249646,927852,23530,1229,176410.29587258075,0.025359647874876597,1.0195216241075074,7.353694091475713,0.912396721907909
England,EVAGO Construction Safety,False,2024-09-30,23990.854035628858,21101.969891455352,923986,24471,1132,157274.25963142174,0.02648416750903152,0.8623256054699584,7.453060564507085,0.8795839389509345
England,EVAGO Construction Safety,False,2024-10-31,19827.387690132604,18531.26406539056,895633,24006,1128,213606.44858606067,0.02680338933469401,0.771943016970364,11.526814783509415,0.9346296322542237
England,EVAGO Construction Safety,False,2024-11-30,25656.832405630434,22487.472579379857,948698,23636,1399,229334.6825252805,0.024914145492032237,0.9514077077077279,10.198330724617383,0.8764711178627391
England,EVAGO Construction Safety,False,2024-12-31,22445.46813127036,20457.144731118475,1149437,29992,1542,252558.75763957258,0.026092774114631772,0.6820867141610588,12.345748195025072,0.9114153739844787
England,EVAGO Corporate Events,False,2023-01-31,24912.459888012767,22223.483742638564,1217288,33015,1623,268483.05204287975,0.02712176576126603,0.6731329317776333,12.081051519738152,0.8920630015076083
England,EVAGO Corporate Events,False,2023-02-28,17226.710939229633,15444.373992924233,939880,23695,1267,193359.0029553032,0.025210665191301017,0.6517988602204783,12.519704783365757,0.8965364338791706
England,EVAGO Corporate Events,False,2023-03-31,23823.355337371708,21224.235501734813,893132,19871,914,126888.85027261631,0.022248670969128862,1.0681010267090139,5.978488613276307,0.8909003455294286
England,EVAGO Corporate Events,False,2023-04-30,24999.901339726184,22633.774978416594,1086773,28116,1456,207489.21046715512,0.0258710880745105,0.8050140481724496,9.167238371195939,0.9053545720378628
England,EVAGO Corporate Events,False,2023-05-31,23939.140884254113,21430.57086573438,914277,22140,1014,138037.77433710196,0.024215855807375664,0.9679571303403062,6.441161796478897,0.8952105244441024
England,EVAGO Corporate Events,False,2023-06-30,23921.970125263502,22008.16435240602,915285,19440,976,139512.7742300405,0.021239286123994165,1.1321072197739723,6.339137239984688,0.9199979866693191
England,EVAGO Corporate Events,False,2023-07-31,24412.64256677154,21717.16316539872,1040176,23987,1077,150942.93882861512,0.023060520527295382,0.9053722085045534,6.950398524845446,0.8895867420333397
England,EVAGO Corporate Events,False,2023-08-31,24828.18647316418,22700.86863746071,880066,24125,1261,179497.41484586275,0.027412716773514714,0.9409686481848999,7.907072531561995,0.9143184365075232
England,EVAGO Corporate Events,False,2023-09-30,25109.006074235975,22969.861338501825,961396,21851,1035,142458.2454227096,0.022728407440846435,1.0512041251430977,6.201963665489032,0.9148056785119385
England,EVAGO Corporate Events,False,2023-10-31,26067.29278041692,23456.745623643867,822855,22909,1154,203843.87269226255,0.027840871113379635,1.0239096260702722,8.690202637777363,0.8998535375819989
England,EVAGO Corporate Events,False,2023-11-30,25210.789833208044,21885.51250885105,1007496,29213,1595,253703.7827496446,0.028995648617959772,0.7491703183120888,11.592316270731171,0.8681010255387998
England,EVAGO Corporate Events,False,2023-12-31,22897.394255480183,21396.40703034547,1067771,27403,1378,181423.2597728203,0.02566374250658615,0.7808052779018891,8.479146032112618,0.9344472472113077
England,EVAGO Corporate Events,False,2024-01-31,26483.057413992767,23542.013627388944,813818,21594,1018,150051.75023956675,0.02653418823373285,1.0902108746591157,6.373785718354844,0.8889462141538887
England,EVAGO Corporate Events,False,2024-02-29,19557.068077742864,17133.736221468567,1033090,22918,1103,169452.50122572127,0.022183933635985247,0.7476104468744466,9.889991245073409,0.8760892048521222
England,EVAGO Corporate Events,False,2024-03-31,28485.343267185126,25147.055686457956,1122934,26161,1152,169917.5724202031,0.023297005879241345,0.9612421423668038,6.756956939165889,0.8828068333453137
England,EVAGO Corporate Events,False,2024-04-30,26506.695071018086,23536.926767453893,880049,26351,1271,191302.81062531078,0.02994265092057374,0.8932081047191337,8.127773541354523,0.8879615774200654
England,EVAGO Corporate Events,False,2024-05-31,26245.411092684037,24923.252177562186,918700,22371,964,162502.22301008328,0.024350712963970827,1.1140875319638008,6.5201050750664145,0.9496232346884288
England,EVAGO Corporate Events,False,2024-06-30,21101.994839124738,18228.852670943754,889593,23159,1244,171041.03119266033,0.02603325340914328,0.7871174347313681,9.382983903605442,0.8638449971159146
England,EVAGO Corporate Events,False,2024-07-31,21255.82562107591,19934.477109156473,1088386,27490,1380,210104.6005388299,0.025257583247120047,0.7251537689762267,10.539759803497573,0.9378359356406616
England,EVAGO Corporate Events,False,2024-08-31,26236.397552914776,23745.718385835407,1133832,30045,1464,238510.296645097,0.026498634718370974,0.7903384385367085,10.044349586297255,0.9050677913362133
England,EVAGO Corporate Events,False,2024-09-30,21683.692512708418,20031.59085093516,934098,23011,1215,152973.34541023063,0.024634460195825277,0.870522395851339,7.636604928114791,0.9238090255704839
England,EVAGO Corporate Events,False,2024-10-31,24120.350653642763,21758.781765796302,1002681,24385,1215,167996.1550001671,0.024319798619900048,0.8923018973055691,7.7208437865877455,0.9020922654998879
England,EVAGO Corporate Events,False,2024-11-30,19840.988764530182,17800.66581664841,1140031,30903,1656,226859.0148616901,0.027107157612380715,0.5760174033798793,12.744411765177679,0.8971662666565656
England,EVAGO Corporate Events,False,2024-12-31,24808.251953137664,22199.914385615757,1005794,24644,1291,203582.7365825014,0.02450203520800482,0.9008243136510208,9.17042890554619,0.8948600823448178
England,EVAGO Crowd Control,False,2023-01-31,27476.87439244235,25321.791623502533,1026819,25416,1206,160411.25744738895,0.024752171512213934,0.996293343700918,6.334909465825575,0.9215673974354017
England,EVAGO Crowd Control,False,2023-02-28,25393.929538791053,21438.645676588723,983575,23889,1446,220474.74326693584,0.02428792923772971,0.8974275054036889,10.283986525683247,0.8442429378186488
England,EVAGO Crowd Control,False,2023-03-31,25126.23014186971,23201.67628797241,998436,22555,1269,213493.03017391104,0.022590331278118977,1.0286710834835915,9.201620931354187,0.9234045918137845
England,EVAGO Crowd Control,False,2023-04-30,23742.627305141636,20778.691325777683,705216,16707,794,135336.65342867473,0.023690613939558944,1.2437116972393418,6.513242403325874,0.8751639428412334
England,EVAGO Crowd Control,False,2023-05-31,24063.255794228222,20495.009994647346,1011922,27745,1471,256268.03929985472,0.027418121159536013,0.7386920163866407,12.503923607101626,0.8517139230828128
England,EVAGO Crowd Control,False,2023-06-30,18654.77470379013,16434.898703363946,940898,22844,1036,140759.27673204962,0.02427893352945803,0.7194404965576933,8.564657395986176,0.8810022615831876
England,EVAGO Crowd Control,False,2023-07-31,22162.64164833945,19971.276983329146,911320,21632,1161,184494.76028009798,0.023736996883641313,0.923228410841769,9.238005182848518,0.9011234897093374
England,EVAGO Crowd Control,False,2023-08-31,24034.88480893039,20077.431259291334,906468,24552,1256,177942.2264893674,0.02708534664213188,0.8177513546469263,8.862798442256908,0.8353454330611717
England,EVAGO Crowd Control,False,2023-09-30,21673.37725073011,19393.889808089192,975130,21165,927,151371.88515197497,0.02170479833458103,0.9163189136824565,7.805132784081188,0.8948254618433253
England,EVAGO Crowd Control,False,2023-10-31,27105.631314146543,24696.566871840056,1012377,23231,1031,137321.34322208422,0.022946985164617528,1.0630866889862707,5.560341400272243,0.9111231015287519
England,EVAGO Crowd Control,False,2023-11-30,24650.177543608344,22668.18301345228,893228,20853,1127,166776.38707569972,0.023345663145355945,1.087046612643374,7.357289597350057,0.9195951215097846
England,EVAGO Crowd Control,False,2023-12-31,27589.2250425826,24746.491842594438,1005090,24073,1236,183695.67228699796,0.023951088957207812,1.027977063207512,7.423099542975025,0.896962194639373
England,EVAGO Crowd Control,False,2024-01-31,26292.172422188643,22615.745171530525,1030697,26595,1432,201423.12833051913,0.025802927533504025,0.850375828972759,8.906322865013419,0.8601702745736033
England,EVAGO Crowd Control,False,2024-02-29,23986.649344552847,21764.91314904043,861232,21262,1103,170453.9515457979,0.024687888977650622,1.0236531440617265,7.831593463230193,0.9073761339652487
England,EVAGO Crowd Control,False,2024-03-31,27943.07567784838,25081.646831961327,941215,17840,872,140437.10461162566,0.018954224061452484,1.4059219076211507,5.599197913618171,0.8975979280564513
England,EVAGO Crowd Control,False,2024-04-30,22519.71448534516,19804.162108866716,951739,25238,1268,202800.22260245442,0.026517774305770805,0.7846961767519897,10.240282900514975,0.8794144402565314
England,EVAGO Crowd Control,False,2024-05-31,26429.60670734294,24440.776716829172,878600,22203,990,165413.03130439477,0.025270885499658547,1.100787133127468,6.767912215756073,0.924749921081451
England,EVAGO Crowd Control,False,2024-06-30,24948.067335996213,22398.546802236597,921715,24007,1133,162842.69012823794,0.02604601205361744,0.9330006582345398,7.270234607897748,0.8978068922364558
England,EVAGO Crowd Control,False,2024-07-31,26115.502114158964,23253.40943816655,894193,22977,1190,188673.88389850425,0.025695794979383645,1.012029831490906,8.113815928808611,0.8904063699988872
England,EVAGO Crowd Control,False,2024-08-31,23014.130248231748,22068.563895357867,1009326,27548,1466,216584.3480469542,0.027293461181025755,0.8010949577231693,9.814156873729006,0.9589136611866298
England,EVAGO Crowd Control,False,2024-09-30,20365.68191982856,18057.8097949691,789416,19307,826,147340.3320434378,0.024457320348206777,0.935298585744502,8.159368922165012,0.8866783771864543
England,EVAGO Crowd Control,False,2024-10-31,21564.579316066476,20518.69537140999,896191,22546,1067,169342.08773556532,0.025157583595461237,0.9100814056333714,8.253063105148511,0.9514999143119264
England,EVAGO Crowd Control,False,2024-11-30,24705.034634877153,21961.787446893748,855110,20302,917,116977.79595448151,0.023741974716703113,1.0817548737510465,5.326424191899131,0.8889599942470574
England,EVAGO Crowd Control,False,2024-12-31,27587.439405121066,24867.054712592628,867622,20324,898,138282.05740955484,0.02342494773069378,1.223531524925833,5.560853869016063,0.9013904606158029
England,EVAGO Event Infrastructure,False,2023-01-31,26206.403347142892,22940.79371072357,1254888,31990,1718,243914.0105203303,0.025492314852002727,0.7171239046803242,10.632326570562979,0.8753888661041558
England,EVAGO Event Infrastructure,False,2023-02-28,25591.85939203029,23236.60020028601,954379,21351,1069,149668.4826996974,0.022371615469326128,1.0883143740473988,6.441066309599594,0.9079684224711807
England,EVAGO Event Infrastructure,False,2023-03-31,21404.703572655286,18743.0763491392,868052,22548,1211,179943.13948948157,0.02597540239524821,0.8312522773256696,9.600512537940213,0.8756522268817429
England,EVAGO Event Infrastructure,False,2023-04-30,23487.940271536125,20303.39622031941,1076304,26750,1147,143174.5956716786,0.024853572968232023,0.7590054661801648,7.05175597806593,0.8644179091737598
England,EVAGO Event Infrastructure,False,2023-05-31,22416.464445577527,20281.000294223737,1102749,27493,1324,195815.65735364056,0.024931330701728135,0.7376786925480572,9.655128174787864,0.9047367993048927
England,EVAGO Event Infrastructure,False,2023-06-30,24649.601291378392,22157.08292084946,1012518,22903,1042,142743.57135459062,0.022619844783006327,0.9674314684036791,6.442344954184885,0.8988820005214149
England,EVAGO Event Infrastructure,False,2023-07-31,26301.305608255294,22840.595671734485,1000438,27896,1367,204799.49589631244,0.027883786901337214,0.8187767304177834,8.966469125398262,0.8684206028375039
England,EVAGO Event Infrastructure,False,2023-08-31,25347.30663698261,22273.75461176269,1034372,25901,1261,199918.55172000662,0.025040314316319468,0.8599573225652558,8.975520975454687,0.8787424609155319
England,EVAGO Event Infrastructure,False,2023-09-30,26026.43517410628,23099.632591203066,982860,22913,1070,150888.09273020204,0.02331257757971634,1.0081452708594714,6.532055959524833,0.8875450070928235
England,EVAGO Event Infrastructure,False,2023-10-31,24375.468474108427,22308.34610916472,993261,25497,1294,232811.95493688772,0.025669990063034793,0.8749400364421194,10.43609211537398,0.9151966097743146
England,EVAGO Event Infrastructure,False,2023-11-30,23765.455366223105,22362.88823036643,987640,24172,1229,173795.85935281665,0.024474504880320765,0.9251567197735574,7.771619549429234,0.9409829471287939
England,EVAGO Event Infrastructure,False,2023-12-31,26923.204611970046,24637.96226316101,1095950,29993,1602,266214.36808864813,0.027367124412610064,0.8214570820911883,10.805048130408705,0.9151199724644585
England,EVAGO Event Infrastructure,False,2024-01-31,28394.17367118739,25146.57221535678,968832,23304,1110,181016.94510430808,0.024053705905667855,1.0790667788944721,7.198473953192026,0.8856243716250116
England,EVAGO Event Infrastructure,False,2024-02-29,20389.545679978513,17740.081482080695,853967,24542,1330,226826.0212914443,0.02873881543432006,0.7228457942335871,12.786075504814445,0.870057712933768
England,EVAGO Event Infrastructure,False,2024-03-31,25268.94955952098,22234.09943117607,1258687,36538,1864,299276.06095031335,0.02902866240773123,0.6085198815254275,13.460228595122514,0.8798980495332295
England,EVAGO Event Infrastructure,False,2024-04-30,24866.843692885363,22882.099351553123,1089383,25228,1500,198781.21574994436,0.02315806286677872,0.9070120243996006,8.687193106538631,0.9201851121177839
England,EVAGO Event Infrastructure,False,2024-05-31,24996.13624210551,22941.847496530394,997141,25345,1218,197588.33585540167,0.025417669116002652,0.905182382976145,8.612572979803998,0.9178157485749855
England,EVAGO Event Infrastructure,False,2024-06-30,22194.653752391292,20194.58007573092,861399,22976,1093,154280.75588435313,0.026672889102494896,0.8789423779478986,7.639711016807024,0.9098848894434822
England,EVAGO Event Infrastructure,False,2024-07-31,24807.413287676627,22474.75614651304,1000359,25981,1241,223177.32029727992,0.025971676168255596,0.8650458468308779,9.930133116568026,0.90596935222092
England,EVAGO Event Infrastructure,False,2024-08-31,21910.9073881678,19450.252934078548,917025,22526,1041,149769.5231016938,0.02456421580654835,0.8634579123714173,7.700132415208055,0.8876972819748195
England,EVAGO Event Infrastructure,False,2024-09-30,24461.694642054605,21417.683989831527,880757,22292,1096,171342.19540871272,0.025310045790155514,0.9607789336906302,8.000033780032465,0.8755601074755546
England,EVAGO Event Infrastructure,False,2024-10-31,27650.8791177294,24979.36335138567,919891,24251,1258,171710.82030429476,0.026362906039954732,1.0300343635885394,6.874107153526373,0.9033840567972832
England,EVAGO Event Infrastructure,False,2024-11-30,28059.071815070853,25758.126240928174,1034285,26821,1420,208126.1080157048,0.02593192398613535,0.9603715834953273,8.080017392142619,0.9179963760274203
England,EVAGO Event Infrastructure,False,2024-12-31,20911.090157546278,18623.30155777679,1161578,29467,1706,272196.48366082,0.025368076874734198,0.6320053469228897,14.615909151036387,0.8905944844322771
England,EVAGO Festival Equipment,False,2023-01-31,26842.762983040007,24679.749116159008,878305,20944,1029,154621.90215326005,0.023845930513887545,1.1783684642933063,6.265132656961319,0.9194191049465492
England,EVAGO Festival Equipment,False,2023-02-28,21339.651762631824,19801.447980517692,937720,23558,963,153278.62865993168,0.025122637887642366,0.8405402827284868,7.74077879611329,0.9279180466849182
England,EVAGO Festival Equipment,False,2023-03-31,25287.60092455888,24039.966744432077,1116278,30824,1480,215752.72174277902,0.02761319312931008,0.7799106781868699,8.974751256373919,0.9506622164811561
England,EVAGO Festival Equipment,False,2023-04-30,22167.402718191413,19410.74112915364,941321,22460,1110,168370.9096440271,0.023860085985545846,0.8642360253407676,8.674110304379115,0.8756434561106452
England,EVAGO Festival Equipment,False,2023-05-31,23208.433373351854,21152.753690535785,931410,22991,1275,174584.50187741275,0.024684081124316897,0.920044960660075,8.253511785348579,0.9114253146799465
England,EVAGO Festival Equipment,False,2023-06-30,23398.996581047963,20955.580234334066,925478,21239,1091,154060.9447991138,0.022949221915593888,0.986655691620795,7.351786162747098,0.8955760201831499
England,EVAGO Festival Equipment,False,2023-07-31,25414.072001131222,22845.79958655795,1006236,24473,1294,168005.32723718582,0.024321332172571843,0.9335103823216586,7.353882563866886,0.8989429000414041
England,EVAGO Festival Equipment,False,2023-08-31,24202.206917867334,21326.040831046343,1091727,25901,1334,200597.56298806804,0.023724795667781413,0.8233674696361662,9.40622615220914,0.881160999218726
England,EVAGO Festival Equipment,False,2023-09-30,27092.427935451913,25706.2505183533,1072603,26297,1381,223083.28553342025,0.02451699277365437,0.9775354800301669,8.678172858159424,0.9488352457593981
England,EVAGO Festival Equipment,False,2023-10-31,25110.153751796468,22467.31375187773,1137917,27282,1271,175685.9273108146,0.02397538660552571,0.8235215069231628,7.819623175740422,0.8947501466521423
England,EVAGO Festival Equipment,False,2023-11-30,26300.299727131045,22731.904462657432,983106,24851,1229,179409.5095849496,0.025278047331620396,0.9147279571307968,7.892409977337027,0.8643211179531729
England,EVAGO Festival Equipment,False,2023-12-31,25757.09488320963,22297.54614234887,1014125,25018,1101,174939.91162543502,0.024669542709232096,0.891260138394311,7.845702415351364,0.8656856001599798
England,EVAGO Festival Equipment,False,2024-01-31,25101.308757733826,24135.229370252007,1179856,27489,1369,219044.68300707813,0.02329860593157131,0.8779959027338938,9.075724106316665,0.9615127881655109
England,EVAGO Festival Equipment,False,2024-02-29,25672.773214660385,22722.236181236945,896324,22127,1081,159187.38788639754,0.02468638572658994,1.0269008985057597,7.0057976079769695,0.8850713552153945
England,EVAGO Festival Equipment,False,2024-03-31,21738.74267002629,19463.002220836,1048920,30170,1491,206374.0441803746,0.02876291804904092,0.6451111110651641,10.603402385652617,0.8953140720356326
England,EVAGO Festival Equipment,False,2024-04-30,27053.183040588807,25588.984500461756,1009887,28761,1357,169095.25432760717,0.028479423935549225,0.889711223547921,6.608126802552708,0.9458770327347336
England,EVAGO Festival Equipment,False,2024-05-31,28242.018680120687,25826.27629631493,908397,22873,997,153792.29814937562,0.025179519527255154,1.1291162635559362,5.954876978192933,0.9144628289086792
England,EVAGO Festival Equipment,False,2024-06-30,24142.709216863703,22749.703940739462,995561,21784,1124,172897.77982345835,0.021881130337568465,1.0443308823328803,7.600001313152844,0.9423012030832387
England,EVAGO Festival Equipment,False,2024-07-31,23528.15857333842,21544.998027295384,898133,24417,1232,142560.042293288,0.02718639666953558,0.8823769516032021,6.616851025592043,0.9157111875176535
England,EVAGO Festival Equipment,False,2024-08-31,27677.268577882,23899.38201344725,1004081,25016,1314,196596.96635112836,0.02491432464113951,0.9553638476753779,8.226027193527887,0.8635021893940138
England,EVAGO Festival Equipment,False,2024-09-30,26402.52235652217,23946.149273632578,928744,18833,990,134374.48078228184,0.02027792373355844,1.271499456997429,5.611527734450539,0.906964454012372
England,EVAGO Festival Equipment,False,2024-10-31,26875.64375688786,23360.75479786479,1000021,26846,1242,186285.43535366657,0.026845436245838836,0.870176368839484,7.974290084612051,0.8692165668358268
England,EVAGO Festival Equipment,False,2024-11-30,21853.654793049143,20490.185505813577,982022,22578,1270,188496.16818181318,0.02299133827959048,0.9075288114896615,9.199339270419593,0.9376090955884763
England,EVAGO Festival Equipment,False,2024-12-31,22962.497703899728,20783.14708967622,835348,23037,1091,181646.92470404584,0.02757772808458271,0.902163783898781,8.740106775950059,0.9050908728516328
England,EVAGO Sports Events,False,2023-01-31,23841.555690667516,21109.369560078994,852435,20788,971,140583.71251940567,0.02438661012276596,1.015459378491389,6.659777882958225,0.8854023551970646
England,EVAGO Sports Events,False,2023-02-28,22240.90774670304,20256.733435351714,1036199,23248,1310,173416.96187819922,0.02243584485219538,0.8713323053747296,8.560953938188021,0.9107871704721469
England,EVAGO Sports Events,False,2023-03-31,24362.719651601594,22238.70455876925,941612,24866,1271,183879.73305409568,0.0264079047420806,0.8943418546919186,8.268455231650961,0.9128169956717983
England,EVAGO Sports Events,False,2023-04-30,23456.84211821122,21604.67542017444,838858,18475,856,111395.01635392023,0.022023989757503654,1.1694005640148546,5.156060629816248,0.9210393842145183
England,EVAGO Sports Events,False,2023-05-31,27734.86098525213,25381.989357466104,994107,26136,1306,205211.06682733298,0.02629093246501634,0.9711504957708181,8.084908709764713,0.9151655517928446
England,EVAGO Sports Events,False,2023-06-30,21888.6334395487,19226.041720058474,995282,23084,1097,184516.1729413625,0.023193426586635747,0.8328730601307605,9.597200278040452,0.8783573343286285
England,EVAGO Sports Events,False,2023-07-31,26555.616882756876,24188.90266271467,1130855,31279,1538,260662.3519837326,0.027659602690000045,0.7733272375304412,10.776113146526631,0.9108770761947932
England,EVAGO Sports Events,False,2023-08-31,26341.78597598589,24943.33138612819,904026,20304,999,162089.5321601106,0.022459531031187155,1.2284934685839337,6.498311298155383,0.9469111702929869
England,EVAGO Sports Events,False,2023-09-30,26452.95707423387,24309.738438743152,828606,20854,1013,148344.6890668607,0.0251675705944683,1.1657110596884603,6.102274174634449,0.9189799979837305
England,EVAGO Sports Events,False,2023-10-31,24087.278439769434,22331.537345932597,1045424,28258,1358,185633.47980217112,0.02703018105572476,0.7902731030480783,8.312615335279721,0.9271091959090733
England,EVAGO Sports Events,False,2023-11-30,23197.52361410823,20688.266918348007,966877,24993,1322,186140.72434769908,0.025849203156140855,0.8277624502199818,8.997405393228691,0.8918308377436396
England,EVAGO Sports Events,False,2023-12-31,22490.111546246117,20765.740562566545,865515,24587,1107,154146.67965429698,0.02840736440154128,0.8445821191103651,7.4231246022677455,0.9233275931009159
England,EVAGO Sports Events,False,2024-01-31,24681.750524958486,21811.24481293776,999573,25425,1427,196824.01540770903,0.02543586111269512,0.8578660693387515,9.023969841966979,0.8836992656125409
England,EVAGO Sports Events,False,2024-02-29,18860.903138649865,17292.76205117917,1016698,23867,1064,154244.07684824787,0.023475014212676722,0.7245469498126773,8.919574350919273,0.9168575822725449
England,EVAGO Sports Events,False,2024-03-31,23101.43736046261,20245.38022273756,1203681,25208,1186,164825.17107596115,0.020942425775600012,0.803133141174927,8.141371970423465,0.8763688556187806
England,EVAGO Sports Events,False,2024-04-30,23109.8599847872,19688.842878865,948007,24197,1078,146821.24806515733,0.025524073134481073,0.8136894193025995,7.457078558068167,0.8519672075826427
England,EVAGO Sports Events,False,2024-05-31,25605.725830379888,21958.59029375945,1062436,24150,1124,144248.18853928114,0.02273078095998253,0.9092583972571201,6.569100593869905,0.857565625720584
England,EVAGO Sports Events,False,2024-06-30,24521.40564265608,22005.476577222384,1074153,26945,1420,206277.94633330428,0.02508488083168785,0.8166812609843156,9.373936783846808,0.897398660496969
England,EVAGO Sports Events,False,2024-07-31,24069.110318107585,21389.366456228294,959133,25226,1248,201832.00134867523,0.026300836276095182,0.8479095558641201,9.436090674387623,0.8886646067734678
England,EVAGO Sports Events,False,2024-08-31,23879.91411838872,20739.56902396247,1135155,28793,1514,206262.61166961322,0.025364818020446548,0.7202989971160515,9.945366339642723,0.8684942885951158
England,EVAGO Sports Events,False,2024-09-30,23363.04541733019,21657.58628102803,969896,21889,1249,184938.56677587118,0.02256839908608758,0.9894278533065938,8.53920489458591,0.9270018481821257
England,EVAGO Sports Events,False,2024-10-31,23024.517552892234,21027.955878630004,1028216,24924,1250,166566.5836280351,0.024240042948174313,0.843683031561146,7.921197123934954,0.9132854067549645
England,EVAGO Sports Events,False,2024-11-30,27143.834379985008,25609.518045412053,1009346,22795,1120,195412.6171510056,0.022583930584754882,1.12347085086256,7.630468359634507,0.9434745912057174
England,EVAGO Sports Events,False,2024-12-31,26548.742885326636,23712.823871922,1056754,24708,1358,214677.36426625733,0.02338103286100644,0.9597225138385138,9.053218015103363,0.8931806667587249
England,EVAGO-Mojo Brand Transition,True,2023-01-31,25575.139541768545,23277.069790403308,1070099,25416,1260,211252.2332153212,0.023751073498807118,0.9158431614102654,9.075550965715474,0.91014439050813
England,EVAGO-Mojo Brand Transition,True,2023-02-28,20650.23984004332,18935.627521525,1076326,26273,1387,202451.58035869902,0.02440989068367762,0.7207257458807521,10.691569641859664,0.9169688908313075
England,EVAGO-Mojo Brand Transition,True,2023-03-31,22670.662307030532,21224.601127473008,1082712,25191,1218,179806.6173487011,0.023266575044887283,0.8425469861249258,8.471613495528093,0.9362144272640381
England,EVAGO-Mojo Brand Transition,True,2023-04-30,26692.46410282412,23500.736769341274,1079736,28887,1237,187778.85384996783,0.02675376203071862,0.8135402350310269,7.990339013325805,0.880425901438408
England,EVAGO-Mojo Brand Transition,True,2023-05-31,22364.25261331402,19775.308080496616,988496,26368,1245,162374.91762891648,0.02667486767776501,0.7499737591207758,8.210993071155166,0.8842373774978673
England,EVAGO-Mojo Brand Transition,True,2023-06-30,28958.468578234704,25649.84328236613,994834,26509,1303,188845.80465446677,0.026646656628140978,0.9675899989575666,7.362454521673251,0.8857458471282784
England,EVAGO-Mojo Brand Transition,True,2023-07-31,26669.315366612347,22706.287894345907,1074069,28955,1498,224332.00348334442,0.02695823080267655,0.7841922947451531,9.879730430935183,0.8514012295483294
England,EVAGO-Mojo Brand Transition,True,2023-08-31,36802.03823729042,31823.287620054292,1017982,24846,1215,188169.07907028543,0.024407111324168798,1.2808213644069184,5.912936504765952,0.8647153566567597
England,EVAGO-Mojo Brand Transition,True,2023-09-30,29311.556765685255,25326.568390322856,879222,25335,1231,227589.15221779668,0.028815248026095797,0.9996671951972709,8.986181969475076,0.8640471945172293
England,EVAGO-Mojo Brand Transition,True,2023-10-31,27973.54784098312,23809.224665371497,1006278,25717,1148,178707.2704396952,0.025556555941797395,0.9258165674601041,7.505799661742442,0.8511335351781654
England,EVAGO-Mojo Brand Transition,True,2023-11-30,24723.782704362,22858.972451027646,805571,19135,1041,163287.49480082022,0.023753337694629027,1.194615753907899,7.1432561175110685,0.9245742338204038
England,EVAGO-Mojo Brand Transition,True,2023-12-31,35188.90990725981,28792.74901557586,1010326,26017,1402,220638.814778786,0.025751094201277608,1.1066898187944751,7.662999273165205,0.8182336165416605
England,EVAGO-Mojo Brand Transition,True,2024-01-31,33599.55694057469,29172.183210533698,852224,22272,1093,132994.93792468176,0.02613397416641634,1.3098142605304282,4.558964166818306,0.8682311871590631
England,EVAGO-Mojo Brand Transition,True,2024-02-29,24988.78927204045,22157.91667329109,777329,19523,1132,166273.12695389157,0.025115491638675515,1.134964742779854,7.504005426390802,0.8867142954414051
England,EVAGO-Mojo Brand Transition,True,2024-03-31,36402.24607255763,30333.775850783073,924627,21488,1028,125473.86395142073,0.02323964149868001,1.4116611993104557,4.136440664975165,0.8332940717537382
England,EVAGO-Mojo Brand Transition,True,2024-04-30,32160.219268827754,27839.55968825915,1062377,25849,1171,174289.56952963085,0.024331287292552455,1.077007222262337,6.260500219158798,0.8656520484374766
England,EVAGO-Mojo Brand Transition,True,2024-05-31,39157.059274077175,34977.273020250446,902475,22973,1147,170707.32854637215,0.025455552785395717,1.5225383284834566,4.880521373050993,0.8932558692783694
England,EVAGO-Mojo Brand Transition,True,2024-06-30,30072.844196186732,25926.09885094716,971107,22029,1088,169406.42491069538,0.022684420975237537,1.1769076603997985,6.534204235069729,0.8621099714351135
England,EVAGO-Mojo Brand Transition,True,2024-07-31,29111.11400734335,25899.69400604143,1085879,24688,1165,176301.52096932664,0.022735498154030052,1.049080282163052,6.807088953568412,0.8896840567320154
England,EVAGO-Mojo Brand Transition,True,2024-08-31,31611.69417780637,26429.31900931595,1024915,24040,1158,178979.36870102148,0.023455603635423424,1.0993893098717118,6.772000770732452,0.8360614543674533
England,EVAGO-Mojo Brand Transition,True,2024-09-30,32110.575026954317,28278.91620493888,912915,21575,1022,167158.1735136757,0.02363308741777712,1.3107261276912574,5.911053036908172,0.8806729926574327
England,EVAGO-Mojo Brand Transition,True,2024-10-31,36847.85782767258,31841.999810029378,950362,26555,1230,185280.14851073598,0.02794198421233172,1.1990962082481407,5.818734677976403,0.8641479230338371
England,EVAGO-Mojo Brand Transition,True,2024-11-30,33763.835314335716,29269.75651612435,959158,25656,1360,178903.0011496219,0.026748460629010026,1.140854245249624,6.112213507859774,0.8668966734266935
England,EVAGO-Mojo Brand Transition,True,2024-12-31,32835.22854367897,28708.05490981429,1057029,28582,1445,235513.01867088917,0.027039939301570722,1.0044102900361869,8.203726076557539,0.8743065354829337
England,EVAGO-Mojo Partnership,True,2023-01-31,28822.297722767395,25744.379097601075,1112865,32395,1652,228369.91928660686,0.02910955057441828,0.7947022410125351,8.870671085941511,0.8932105047705825
England,EVAGO-Mojo Partnership,True,2023-02-28,23904.517581018208,21068.32372429216,763381,18270,937,145535.4214997721,0.023933003310273638,1.1531649548052634,6.907783618872683,0.8813532276017075
England,EVAGO-Mojo Partnership,True,2023-03-31,23327.034549626012,20496.876879322288,1152730,27382,1310,194535.48986867644,0.023754044745950918,0.7485529500884628,9.490982017115408,0.8786747769296248
England,EVAGO-Mojo Partnership,True,2023-04-30,20621.50048191196,18525.309299317138,910371,24240,1307,187342.4117389684,0.02662650721519029,0.7642454331401459,10.112781854922877,0.8983492406659018
England,EVAGO-Mojo Partnership,True,2023-05-31,23506.820067571938,20501.624820338915,835518,20052,786,130592.43198845773,0.023999482955483903,1.0224229413693853,6.369857664105809,0.8721564533784498
England,EVAGO-Mojo Partnership,True,2023-06-30,31682.077139748224,27121.558078785038,930044,25731,1265,176881.8934634723,0.027666432985966254,1.054042131234116,6.5218190249118635,0.8560536595865561
England,EVAGO-Mojo Partnership,True,2023-07-31,35987.889202903985,31012.35323025818,888325,19434,977,165344.76203168777,0.021877128303267386,1.5957781841236072,5.3315774138146965,0.8617441566357742
England,EVAGO-Mojo Partnership,True,2023-08-31,32535.16839592332,27241.245547467843,1131057,24651,1159,179373.86333528635,0.021794657563677163,1.105076692526382,6.584642505524484,0.8372861396002853
England,EVAGO-Mojo Partnership,True,2023-09-30,28166.329043030993,24226.74556638597,908471,25563,1333,198132.92509286714,0.028138487634718115,0.9477270103816441,8.178272420038613,0.860131454453069
England,EVAGO-Mojo Partnership,True,2023-10-31,32765.03423895693,28389.263062522437,1083909,31957,1494,214248.70430922668,0.02948310236375932,0.8883582020378145,7.546821621870952,0.8664499739410682
England,EVAGO-Mojo Partnership,True,2023-11-30,31525.594559078785,26668.714273796086,1061166,28906,1610,243824.22477970546,0.02723984748851735,0.9226013379158682,9.142706404083386,0.8459385031999656
England,EVAGO-Mojo Partnership,True,2023-12-31,28646.556606903905,25549.99676730832,1088883,28916,1433,204956.640517419,0.026555653821393115,0.8835937462757062,8.02178733657081,0.8919046403347024
England,EVAGO-Mojo Partnership,True,2024-01-31,28911.325497970858,24913.688596637126,1082606,26144,1383,211310.6707901074,0.024149136435600762,0.9529409652936477,8.481709561812147,0.8617276505840485
England,EVAGO-Mojo Partnership,True,2024-02-29,30030.015108756914,25923.48455444739,942269,25890,1319,197736.84571041333,0.027476230248474693,1.0012933392988563,7.627710900326859,0.8632524645945969
England,EVAGO-Mojo Partnership,True,2024-03-31,32409.286323279957,27607.44802584921,952322,21260,1116,175224.29370662943,0.022324381879238325,1.2985629363052311,6.346993519377983,0.8518375798364455
England,EVAGO-Mojo Partnership,True,2024-04-30,31970.24688745447,27222.428673051025,976057,22073,921,142746.61744132737,0.02261445796710643,1.233290838266254,5.243713525922104,0.851492600882399
England,EVAGO-Mojo Partnership,True,2024-05-31,33129.65422972639,28054.742163973995,942129,22921,1194,189445.59579386716,0.024328940092068072,1.2239754881538325,6.752712061533055,0.8468166304857234
England,EVAGO-Mojo Partnership,True,2024-06-30,26366.013576589536,22657.24061193518,816129,19410,1021,161597.1271770076,0.02378300489260889,1.1672973009755374,7.132251007295341,0.8593350885646442
England,EVAGO-Mojo Partnership,True,2024-07-31,29746.835042127823,26898.01192774387,895001,23260,1159,191852.35643614596,0.025988797777879578,1.1564063597482317,7.132585001133873,0.90423105145978
England,EVAGO-Mojo Partnership,True,2024-08-31,34942.21528902547,30681.08015421834,1087874,27528,1471,211590.75100938274,0.025304401061152303,1.11454083675597,6.896457032993056,0.8780519466335767
England,EVAGO-Mojo Partnership,True,2024-09-30,31013.80782864799,25907.93883220224,887463,22846,1160,203051.39431825883,0.02574304506216034,1.1340251611749208,7.837419859347373,0.8353678779253487
England,EVAGO-Mojo Partnership,True,2024-10-31,31030.002725756247,27202.98699777565,924045,26607,1237,205103.63531712609,0.028794052237715695,1.0223996315922745,7.539746842282325,0.8766672448660789
England,EVAGO-Mojo Partnership,True,2024-11-30,32519.635420541734,29852.100156263845,884277,24114,1257,167553.2460428098,0.02726973561451898,1.2379572097646117,5.612779173516615,0.9179715507329187
England,EVAGO-Mojo Partnership,True,2024-12-31,32338.821670078243,28119.327254599975,996252,22186,1165,170631.91235612927,0.02226946595841213,1.2674356465608931,6.068136367957238,0.8695223203082136
England,Mojo Equipment Integration,True,2023-01-31,22870.566225826245,20022.78247499259,1068835,25894,1303,184680.05278020585,0.024226377317359556,0.7732595379235572,9.223495935735286,0.8754825865387696
England,Mojo Equipment Integration,True,2023-02-28,20622.45801865814,19273.773521910804,995520,24267,1218,174635.743975753,0.024376205400192863,0.794237999007327,9.060796723445135,0.9346011762745684
England,Mojo Equipment Integration,True,2023-03-31,24140.52420330353,20916.679028061077,930380,22688,1067,161307.82865761183,0.02438573486102453,0.9219269670337217,7.711923505696433,0.8664550467880361
England,Mojo Equipment Integration,True,2023-04-30,28272.874746413832,24623.534973519098,880202,21969,1134,198888.68269671596,0.02495904349228927,1.120830942396973,8.077178313780168,0.8709243469004643
England,Mojo Equipment Integration,True,2023-05-31,24763.988535904024,21687.171981918324,923027,23274,1128,175325.00663929174,0.02521486370387865,0.9318197122075416,8.084272434666397,0.8757544024249251
England,Mojo Equipment Integration,True,2023-06-30,30679.09448322794,26221.117985828176,999304,27718,1471,189332.96273412244,0.02773730516439442,0.9459960309484153,7.22062891583997,0.8546900887235472
England,Mojo Equipment Integration,True,2023-07-31,33325.41461727233,28377.123559201005,1037474,27100,1559,248470.5117762745,0.026121136529686527,1.0471263305978231,8.756014726366104,0.8515159941774091
England,Mojo Equipment Integration,True,2023-08-31,32570.144903583267,26762.924647335043,1074789,27921,1414,225059.59512424428,0.025978122217477105,0.9585231419839921,8.409379695602697,0.8217011231163012
England,Mojo Equipment Integration,True,2023-09-30,36331.20014505313,30651.58629363352,973454,27323,1297,201722.42669174753,0.028068095667591893,1.1218236025924504,6.581141503062966,0.8436711743971126
England,Mojo Equipment Integration,True,2023-10-31,34066.83413419571,29622.554173719793,1051174,27847,1398,197889.95532643495,0.026491332548179463,1.063761057698129,6.680381244842039,0.8695423254485856
England,Mojo Equipment Integration,True,2023-11-30,36708.36469074242,31811.279767780296,959073,25437,1327,206115.61866603664,0.0265224857753268,1.2505908624358335,6.479324949221269,0.8665948493151717
England,Mojo Equipment Integration,True,2023-12-31,32642.242882935163,27827.078538925743,915718,24038,1141,174761.54600870013,0.026250439545799035,1.1576286936902298,6.280269262338695,0.8524867190873483
England,Mojo Equipment Integration,True,2024-01-31,34103.638000897365,29914.77181792221,967516,23414,972,145840.02117675316,0.02420011658721923,1.2776446492663454,4.875184141948864,0.8771724534823842
England,Mojo Equipment Integration,True,2024-02-29,32617.124685009396,28138.353026533354,784358,19852,1038,150341.67150458903,0.0253098712577675,1.4174064591241866,5.342944960667128,0.8626864966875988
England,Mojo Equipment Integration,True,2024-03-31,30665.257130631013,26510.166349394152,1117677,28052,1466,228709.6047291309,0.025098485519519504,0.9450365873875001,8.627241402970588,0.8645016813804437
England,Mojo Equipment Integration,True,2024-04-30,26500.060997193865,22509.17380075081,902598,21332,1019,145364.62282954055,0.023633998745842558,1.055183470877124,6.458016812002749,0.8494008297993859
England,Mojo Equipment Integration,True,2024-05-31,31396.103597619658,26295.95838943466,977695,21464,1153,176417.59768627145,0.021953676760134808,1.225119194438812,6.7089244314119965,0.8375548356716573
England,Mojo Equipment Integration,True,2024-06-30,33909.31962348382,30188.515417554052,890656,23101,1097,155930.1261017788,0.025937062120504437,1.3068055676184602,5.165213457668354,0.8902719297454458
England,Mojo Equipment Integration,True,2024-07-31,31930.331694238295,27904.561519538478,1067289,29826,1415,235302.9639084516,0.027945570506207783,0.9355784054026178,8.432419328420371,0.8739201893281224
England,Mojo Equipment Integration,True,2024-08-31,33046.94007120871,27366.993899297177,1048308,24134,1075,157573.9687215401,0.023021859987713535,1.1339601350500197,5.757810642314895,0.8281248987146003
England,Mojo Equipment Integration,True,2024-09-30,27510.711557721588,23105.982853275113,935389,27306,1288,202126.8877627548,0.029192132898719143,0.8461870231185495,8.747816054667622,0.8398904115873305
England,Mojo Equipment Integration,True,2024-10-31,33883.5750526014,29468.8508438492,934155,21309,944,157842.17053590907,0.022810989610931805,1.382929787594406,5.356237722749689,0.8697090197271476
England,Mojo Equipment Integration,True,2024-11-30,32669.117901312806,26779.708731678,1036744,24025,1066,178096.49790733092,0.023173512458234628,1.1146600928898232,6.650426996491515,0.8197254915965105
England,Mojo Equipment Integration,True,2024-12-31,33869.57501046139,30467.908611472238,1050615,25721,1150,166672.20736306513,0.02448185110625681,1.1845538125062105,5.470418383108422,0.8995657194417565
England,Mojo Legacy Support,True,2023-01-31,24413.279180828606,22130.76365219447,996312,26709,1376,179791.45260468524,0.02680786741502662,0.8285882531054877,8.124051001143707,0.9065051641884077
England,Mojo Legacy Support,True,2023-02-28,21022.26830228064,18413.946490974686,855830,19744,995,122590.28349786707,0.023070002220067068,0.9326350532300793,6.65746930230045,0.8759257672007266
England,Mojo Legacy Support,True,2023-03-31,21882.9411336752,19568.061881972044,1048748,27278,1422,239903.18095261013,0.026010061520975486,0.71735691333573,12.25993572585907,0.8942153507811235
England,Mojo Legacy Support,True,2023-04-30,24587.270151220866,22999.256832515504,967774,23108,1030,157388.63293552317,0.023877475526310896,0.9952941333094818,6.843205155786291,0.9354131910969177
England,Mojo Legacy Support,True,2023-05-31,26666.488528587375,24187.580107057634,958212,26200,1140,141159.15471683547,0.027342592244722463,0.9231900804220471,5.836018075890403,0.9070403132053826
England,Mojo Legacy Support,True,2023-06-30,29540.454838467078,25395.87099487261,977562,26918,1354,237403.4489978039,0.02753584938858098,0.9434531166829857,9.348112102386066,0.8596980355834785
England,Mojo Legacy Support,True,2023-07-31,27241.99291784956,24192.777056210325,1179033,26666,1244,186815.94409947918,0.022616839392960164,0.9072518209034097,7.721971878855603,0.8880692807301437
England,Mojo Legacy Support,True,2023-08-31,31395.044503220488,27386.702316021296,1088658,27083,1337,165328.87580064754,0.02487741788513932,1.0112137619917032,6.036830352660959,0.8723256408574921
England,Mojo Legacy Support,True,2023-09-30,32669.352042574024,28478.527707980098,1199896,30806,1484,225686.97620233952,0.025673891737283898,0.924447435823544,7.924811932573984,0.8717200044514953
England,Mojo Legacy Support,True,2023-10-31,33160.446695837265,29443.377668649475,1073640,25636,1115,164229.72617893157,0.023877649864014007,1.1485168383776516,5.577815426855697,0.8879065453706808
England,Mojo Legacy Support,True,2023-11-30,32385.849415197277,27238.006701096103,1000419,25149,1156,200882.3701858502,0.025138466982334403,1.0830651994550917,7.37507602484606,0.8410465432570833
England,Mojo Legacy Support,True,2023-12-31,31627.365166488456,26787.63204519999,1117677,23526,1165,178006.35561742794,0.021049015055333516,1.1386394646433728,6.645094845153529,0.8469764049008887
England,Mojo Legacy Support,True,2024-01-31,30905.23328139657,27963.783631838916,1128052,26054,1414,197952.39871024495,0.023096453000393598,1.0733009761203238,7.078884650103676,0.9048235739631754
England,Mojo Legacy Support,True,2024-02-29,25473.7297012432,21475.620688635874,1015714,28094,1243,172852.83802830815,0.027659360804320902,0.7644201854002945,8.048793584800817,0.8430497198683786
England,Mojo Legacy Support,True,2024-03-31,31987.59549039277,28318.63216518776,896677,23443,1240,210607.93808165175,0.026144308374141414,1.207978166838193,7.437080182868196,0.8853004338413947
England,Mojo Legacy Support,True,2024-04-30,31159.67667674675,27592.572194626147,1021837,22815,1138,182705.69064170192,0.02232743578476802,1.209404873750872,6.621553414918134,0.8855217748526064
England,Mojo Legacy Support,True,2024-05-31,28408.758233276913,24513.99313007878,1012048,24173,1109,181388.28648784448,0.02388523074004395,1.014106363714838,7.39937738928711,0.8629026629317449
England,Mojo Legacy Support,True,2024-06-30,29159.39810068705,25449.584533596426,931733,23674,1032,142109.28314033564,0.025408566617260524,1.0750014587140502,5.583952969948675,0.8727746864225152
England,Mojo Legacy Support,True,2024-07-31,34706.67492213159,30640.239884252038,1122910,25495,1371,228857.77095613015,0.02270440195563313,1.2018136844185934,7.469189922163588,0.8828342084915058
England,Mojo Legacy Support,True,2024-08-31,29192.36824025429,24333.08777285398,977322,22031,984,124298.98235934212,0.022542212290319875,1.1044931130159312,5.10822890706087,0.8335427798317613
England,Mojo Legacy Support,True,2024-09-30,30885.841522057668,27398.53050696086,986477,24882,1258,195740.94807691078,0.025223091871376627,1.101138594444211,7.14421337404139,0.8870903027652238
England,Mojo Legacy Support,True,2024-10-31,30370.032696382732,27324.47923894673,1117743,29096,1305,191247.47625185916,0.02603102859959758,0.9391146287787575,6.999126116162759,0.8997184662959303
England,Mojo Legacy Support,True,2024-11-30,31404.734837033066,27142.689252268417,836505,21899,1066,128417.36596928546,0.026179162109013096,1.2394487991355048,4.731195379196007,0.8642865285479576
England,Mojo Legacy Support,True,2024-12-31,31485.012074062088,27806.765252007146,947184,23377,1164,179233.54338477793,0.024680526698086118,1.1894924606239956,6.445681177239432,0.8831746732889092
England,Mojo-EVAGO Joint Events,True,2023-01-31,26777.93917321165,24373.038312647823,1099511,26675,1340,172153.7605919996,0.024260785021705103,0.9137034044104151,7.063286832920801,0.9101909655926897
England,Mojo-EVAGO Joint Events,True,2023-02-28,16834.6024089386,15467.80928384347,811866,16998,885,127502.39306355795,0.02093695264982152,0.9099781906014514,8.243080239988316,0.9188104897345594
England,Mojo-EVAGO Joint Events,True,2023-03-31,23836.438341290035,21618.45549523572,1053509,25234,1246,150009.47499510483,0.023952334531551225,0.8567193269095554,6.938954312816841,0.9069499052544158
England,Mojo-EVAGO Joint Events,True,2023-04-30,22983.90719056887,19267.73116484763,1023317,26452,1205,192905.7616023174,0.02584927251281861,0.728403567399351,10.011856608953412,0.8383139996646819
England,Mojo-EVAGO Joint Events,True,2023-05-31,26815.04943616316,23538.841856117575,991267,25606,1230,196567.2229691387,0.025831587251467062,0.9192705559680378,8.350760167839452,0.8778220570562423
England,Mojo-EVAGO Joint Events,True,2023-06-30,29292.103231757897,25566.3924494743,1044490,25056,1216,161177.13687797383,0.023988740916619594,1.0203700690243576,6.3042581074549675,0.8728083554531428
England,Mojo-EVAGO Joint Events,True,2023-07-31,35751.93891191951,30095.80413828505,1061723,25844,1276,191855.95114549357,0.024341565549583083,1.1645180366152705,6.374840501484806,0.8417950201926325
England,Mojo-EVAGO Joint Events,True,2023-08-31,34211.732496935096,29221.959372585166,1021280,27348,1478,196516.18796374567,0.0267781607394642,1.0685227209516297,6.724949051435238,0.8541502356012826
England,Mojo-EVAGO Joint Events,True,2023-09-30,27405.41460369637,24144.709387511484,916113,25050,1138,167405.40246930547,0.0273437883754515,0.9638606541920752,6.933419648276802,0.8810196720853445
England,Mojo-EVAGO Joint Events,True,2023-10-31,30486.7374034716,28372.807791278075,995768,24255,1251,176224.99744033354,0.024358083408986833,1.1697715024233386,6.211052453346047,0.9306606809309543
England,Mojo-EVAGO Joint Events,True,2023-11-30,29133.987766185455,25107.068126850805,972315,19244,981,140296.1774723753,0.01979193985488242,1.304669929684619,5.587915592674689,0.861779318655151
England,Mojo-EVAGO Joint Events,True,2023-12-31,28413.830300734626,24711.030134396333,1173504,28872,1275,194399.0452661871,0.02460323952879581,0.8558821742309619,7.866893618311558,0.8696831744559775
England,Mojo-EVAGO Joint Events,True,2024-01-31,34961.77063586586,30048.06375324385,1053123,31118,1595,268740.59468770784,0.029548305373636317,0.9656168054901937,8.943690911155494,0.8594548618890245
England,Mojo-EVAGO Joint Events,True,2024-02-29,26136.696550578894,22279.69995573643,850736,22061,1234,182184.84459292272,0.02593166387692539,1.009913419869291,8.177167778510185,0.8524298360591007
England,Mojo-EVAGO Joint Events,True,2024-03-31,29435.881266978628,25418.227581664843,1073655,26430,1256,186848.5502355062,0.024616846193609678,0.9617187885609098,7.350966924628818,0.8635116900739501
England,Mojo-EVAGO Joint Events,True,2024-04-30,32374.748173820215,27688.450325837563,1070296,28624,1428,179731.17416773795,0.026744003527995993,0.9673159001480423,6.491196583870252,0.8552483613827082
England,Mojo-EVAGO Joint Events,True,2024-05-31,32650.1498303506,28075.297243560424,963135,26435,1374,204637.9182533341,0.027446827287971053,1.0620502078138991,7.288895874478105,0.8598826464637681
England,Mojo-EVAGO Joint Events,True,2024-06-30,30901.618633129976,26786.40061328509,1020632,26221,1177,165905.97260032725,0.025690944434428865,1.0215628928448606,6.193664277463388,0.8668283992271876
England,Mojo-EVAGO Joint Events,True,2024-07-31,31250.03682999374,26810.614042761303,1136830,31165,1615,215545.92080192216,0.027413949315201042,0.8602796099073096,8.039574194687951,0.8579386382363721
England,Mojo-EVAGO Joint Events,True,2024-08-31,30127.620848704664,27020.795795447044,1016028,24043,1156,182094.34615883164,0.02366371792903345,1.1238529216589879,6.739044532119746,0.8968778494372482
England,Mojo-EVAGO Joint Events,True,2024-09-30,33443.06849678191,28674.92860402247,904978,23661,1251,167904.60041907354,0.026145386959683,1.2119068764643282,5.85544964166084,0.8574251673940069
England,Mojo-EVAGO Joint Events,True,2024-10-31,32450.765057167766,28038.43170683764,1055040,23984,1222,185702.40170285883,0.02273278738246891,1.169047352686693,6.623137971642408,0.8640299129294172
England,Mojo-EVAGO Joint Events,True,2024-11-30,30855.28466923823,25822.642868421568,964034,23267,1224,195538.7497627949,0.0241350408803009,1.1098398103933282,7.57237556043958,0.8368953048151894
England,Mojo-EVAGO Joint Events,True,2024-12-31,33424.1393415691,28462.47831481386,947979,23471,1171,180073.84504514706,0.024758987277144325,1.212665771156485,6.326709960159164,0.8515545613291381
England,Unified Rental Solutions,False,2023-01-31,22874.351730218757,20839.00405892003,1006904,29854,1341,162228.58224540064,0.029649301224347106,0.6980305506438008,7.784852951067953,0.9110205309726929
England,Unified Rental Solutions,False,2023-02-28,22042.351281217518,19958.512273993794,896839,22474,1019,178583.36119817765,0.025059124324432813,0.8880712055706058,8.947729106586474,0.9054620362121086
England,Unified Rental Solutions,False,2023-03-31,20821.066901952872,19246.512256560225,1016451,26689,1294,203955.89265913932,0.02625704534699656,0.7211402546577326,10.597031292753856,0.9243768509650692
England,Unified Rental Solutions,False,2023-04-30,22996.855789749086,20945.266006595608,867397,20826,1074,133758.86362459473,0.024009767153909917,1.005726784144608,6.386114341182128,0.9107882485366552
England,Unified Rental Solutions,False,2023-05-31,28719.82316549539,26153.36969806806,868535,20937,1105,165692.67271896318,0.024106109713483048,1.249145995035968,6.335423489662322,0.9106382566271954
England,Unified Rental Solutions,False,2023-06-30,26268.803181475174,24171.990322238416,734168,18037,956,130690.60930329832,0.024567946301119088,1.340133632102812,5.406696244746629,0.9201785918927804
England,Unified Rental Solutions,False,2023-07-31,27447.729436444173,24687.11578357772,923235,24703,1301,214819.43120141217,0.026757001196878367,0.9993569924129749,8.701682006300373,0.8994228772453213
England,Unified Rental Solutions,False,2023-08-31,25370.208606197848,22520.017196252742,1095940,27739,1341,189038.01372599657,0.02531069219117835,0.8118539672033145,8.3942215531457,0.8876559726336339
England,Unified Rental Solutions,False,2023-09-30,24394.662288400672,21070.659392084173,1094322,30604,1828,260799.1535904017,0.027966174489775404,0.688493641095418,12.377360800031665,0.8637405651687575
England,Unified Rental Solutions,False,2023-10-31,23565.756431824633,20425.069254400187,961560,23722,1195,159829.37150559382,0.024670327384666582,0.8610180108928499,7.825156894934967,0.8667266554116179
England,Unified Rental Solutions,False,2023-11-30,26545.544302954262,24930.982223379073,1078045,24047,1315,193031.41448009052,0.022306118946797213,1.036760603126339,7.7426317483422284,0.9391776615635075
England,Unified Rental Solutions,False,2023-12-31,22354.314008408866,20214.109668185723,1047575,25489,1252,174480.08806365984,0.024331432117032193,0.7930522840513838,8.631598963681686,0.9042598963485045
England,Unified Rental Solutions,False,2024-01-31,27099.97511252486,24820.80666855384,890389,24810,1249,175111.4605984749,0.02786422563621069,1.0004355771283289,7.055026975425759,0.9158977661600268
England,Unified Rental Solutions,False,2024-02-29,23940.645971550537,21371.679574804934,1029337,25080,1166,175897.30191517988,0.02436519818096503,0.8521403339236416,8.230392061583458,0.8926943575458076
England,Unified Rental Solutions,False,2024-03-31,26237.247673517428,23254.8248479318,1009321,23375,1240,183008.08398228337,0.023159133714645785,0.9948588170238203,7.869682320938205,0.8863286704955742
England,Unified Rental Solutions,False,2024-04-30,20062.3365044991,18385.754593342983,1039346,25268,1339,219928.96899852683,0.024311442002951857,0.727629990238364,11.96192236124796,0.9164313732460756
England,Unified Rental Solutions,False,2024-05-31,22764.104100426077,21841.882930288273,994595,26140,1258,200377.36905268164,0.02628205450459735,0.8355731801946547,9.173997026365209,0.9594879215949227
England,Unified Rental Solutions,False,2024-06-30,22043.703487974988,19798.062037775017,980803,24774,1329,178889.42710404005,0.025258895007458173,0.7991467682964001,9.035703937219521,0.898127760091448
England,Unified Rental Solutions,False,2024-07-31,30290.39070634085,28071.44124665826,933897,25018,1079,163560.52619709147,0.02678882146532219,1.1220497740290296,5.826580999526071,0.9267441123095819
England,Unified Rental Solutions,False,2024-08-31,24770.038532867835,22885.317960955268,999672,23373,1108,188864.4725876569,0.02338066885938588,0.9791348120033915,8.252647960141053,0.9239112781592287
England,Unified Rental Solutions,False,2024-09-30,21571.49083211526,19987.328317352258,859402,21057,945,137570.91249368142,0.02450192110327879,0.9492011358385457,6.882906525043042,0.9265622145872028
England,Unified Rental Solutions,False,2024-10-31,25022.127416840503,21688.48050263773,921353,21818,999,144895.35685434015,0.023680391771666233,0.9940636402345645,6.680751878247908,0.8667720430534156
England,Unified Rental Solutions,False,2024-11-30,24211.159940822112,22214.289426322463,994008,21163,1017,163822.46291562007,0.021290573114099685,1.04967582225216,7.3746434005447545,0.9175227242568931
England,Unified Rental Solutions,False,2024-12-31,24891.274645508067,22572.69445770863,930866,24235,1158,155706.78846699398,0.026034896537202992,0.9314088903531516,6.898015155378127,0.906851689163381
Germany,EVAGO Construction Safety,False,2023-01-31,26934.659334417556,24508.873379774286,938413,24223,1185,170552.3627205614,0.02581272851079429,1.011801733054299,6.958800597554521,0.9099381237933996
Germany,EVAGO Construction Safety,False,2023-02-28,22332.259637145286,20069.03839395554,922735,22252,1078,174964.84311375837,0.02411526602979187,0.9018981841612232,8.718147809536049,0.8986568632121165
Germany,EVAGO Construction Safety,False,2023-03-31,25702.695345112792,22283.066576745387,855865,21185,935,148151.4712256378,0.024752735536562424,1.0518322670165394,6.6486123314934,0.8669544682979085
Germany,EVAGO Construction Safety,False,2023-04-30,25626.385629505436,23338.319255701645,976614,23705,1312,187583.62611343828,0.024272639958059172,0.9845315020333957,8.037580772557597,0.9107144328941424
Germany,EVAGO Construction Safety,False,2023-05-31,23093.851413727793,20708.194213111496,872867,22677,1080,136579.27003520672,0.025979903009278618,0.9131805006443311,6.595421533603876,0.896697300165438
Germany,EVAGO Construction Safety,False,2023-06-30,23887.298735970162,21323.40383716968,1230786,30796,1688,259754.5058453615,0.02502140908330124,0.6924082295483076,12.18166235695321,0.8926670224565955
Germany,EVAGO Construction Safety,False,2023-07-31,28027.496835932336,24463.84516050655,982717,25737,1294,198786.21511200833,0.026189635469824984,0.950532119536331,8.125714245155574,0.872851589412828
Germany,EVAGO Construction Safety,False,2023-08-31,19294.46999217968,17323.597005269687,962116,24174,1214,199104.2995446162,0.025125868398405183,0.7166210393509426,11.493242395563138,0.8978529605784034
Germany,EVAGO Construction Safety,False,2023-09-30,26744.39608079334,24045.96585290745,991916,26860,1336,189144.9683403692,0.02707890587509426,0.8952332782169565,7.865975086939553,0.8991029664781333
Germany,EVAGO Construction Safety,False,2023-10-31,22763.580180468576,20234.092628388884,996542,24650,1092,159710.68994237302,0.024735535481695704,0.8208556847216586,7.893148107778026,0.8888800649095601
Germany,EVAGO Construction Safety,False,2023-11-30,22980.34212695959,19640.7464533682,968290,23625,994,169403.93809114132,0.024398682212973387,0.8313543472325163,8.625127282883394,0.8546759810997977
Germany,EVAGO Construction Safety,False,2023-12-31,23326.46646116851,21391.62454815843,845794,21049,1214,190740.08950431162,0.024886674533042323,1.0162774739017735,8.916578031504958,0.9170537931138861
Germany,EVAGO Construction Safety,False,2024-01-31,25866.792727402135,23951.2221855441,1075169,29274,1468,239575.68679202304,0.02722734751466979,0.8181738807660073,10.002649757748912,0.9259447987214602
Germany,EVAGO Construction Safety,False,2024-02-29,18085.75584909184,15705.75606727182,974296,26584,1333,170446.8637473846,0.027285342442132574,0.5907973242277994,10.852509297694207,0.8684047378678104
Germany,EVAGO Construction Safety,False,2024-03-31,25525.77533910659,23188.86032843227,1068964,26506,1167,186618.63509338518,0.02479597067815193,0.8748532531665385,8.04777088870421,0.9084488138115804
Germany,EVAGO Construction Safety,False,2024-04-30,25673.318675949362,21950.56348980491,892222,22287,1138,175025.08585781622,0.024979209210263812,0.9849043608294032,7.973603317250047,0.8549951709347218
Germany,EVAGO Construction Safety,False,2024-05-31,22093.55631175746,18539.145736253504,989803,26018,1084,157727.4134721942,0.0262860387370012,0.7125507624050083,8.507803742205688,0.8391200345771216
Germany,EVAGO Construction Safety,False,2024-06-30,23213.51916845949,21719.725080829445,995578,25458,1363,188579.01429286157,0.02557107529495429,0.8531591280080699,8.682384956120265,0.9356498221234942
Germany,EVAGO Construction Safety,False,2024-07-31,22919.38159883798,20967.180930894137,952754,24534,1221,205931.43037560594,0.025750613484698044,0.854617303778191,9.821607924037886,0.9148231526437511
Germany,EVAGO Construction Safety,False,2024-08-31,24862.92117948653,23369.03951479875,1011473,24370,1244,200453.17265464805,0.024093574420671636,0.9589265291259234,8.577724066395987,0.9399152797089537
Germany,EVAGO Construction Safety,False,2024-09-30,23839.012027511973,21227.28801649573,1131279,25151,1272,197695.23682178283,0.022232358242308042,0.8439937981191894,9.313259266475953,0.8904432781022082
Germany,EVAGO Construction Safety,False,2024-10-31,24408.083337387918,22380.756862410195,867884,21962,1079,161000.84800548863,0.025305225122251362,1.0190673373285764,7.193717754733267,0.9169403657405456
Germany,EVAGO Construction Safety,False,2024-11-30,25839.111085212913,22558.614155372696,1012532,24380,1221,201459.83666415315,0.02407825135403128,0.9252918029275101,8.930505893517942,0.8730414169813463
Germany,EVAGO Construction Safety,False,2024-12-31,26171.087864904533,23222.690464975243,1079913,26166,1232,192830.77914213526,0.024229729617108044,0.8875139671701919,8.30355033293688,0.8873414274886489
Germany,EVAGO Corporate Events,False,2023-01-31,25130.201305447223,22301.183419743495,1088832,25076,1223,190721.06099159014,0.023030182801387175,0.8893437318449312,8.552060103803397,0.8874255780398181
Germany,EVAGO Corporate Events,False,2023-02-28,20555.982479407525,17947.1655424735,1053373,25377,1267,199127.16707398675,0.024091181376397534,0.7072217181886551,11.095187515974894,0.8730872173321089
Germany,EVAGO Corporate Events,False,2023-03-31,21996.349483734524,20267.416108425175,963141,26799,1262,191464.9822988769,0.027824586431270188,0.7562750889370937,9.44693597223204,0.921399076851919
Germany,EVAGO Corporate Events,False,2023-04-30,23588.768279248023,19709.257397322774,895008,22843,1164,190454.43569824606,0.02552267689227359,0.8628138772194008,9.663196936284196,0.8355356737579974
Germany,EVAGO Corporate Events,False,2023-05-31,26025.640323043648,23471.668859692163,1020415,24963,1271,179497.86600619825,0.02446357609404017,0.9402583367260411,7.647426652071148,0.9018671036850476
Germany,EVAGO Corporate Events,False,2023-06-30,24447.82412738313,21442.154015896034,811522,22145,1016,158486.29492357632,0.027288231249430084,0.9682616399140228,7.391342064145388,0.8770577661297656
Germany,EVAGO Corporate Events,False,2023-07-31,26271.170522271517,24201.5676390429,1014032,24955,1080,176049.56984126585,0.024609677012165296,0.9698083606108154,7.274304394945719,0.9212215199366888
Germany,EVAGO Corporate Events,False,2023-08-31,24133.61908792145,21213.530225347917,961535,24079,1137,182767.1499592249,0.025042250152100546,0.8809971437911839,8.615593350928341,0.8790032753920859
Germany,EVAGO Corporate Events,False,2023-09-30,22670.08600592172,20479.41899468388,1022682,24570,1347,188249.42524567113,0.024025063509478018,0.8335131865968206,9.19212724221022,0.9033675032963877
Germany,EVAGO Corporate Events,False,2023-10-31,21976.835671931225,19676.22149983662,872599,22447,1019,161705.82476054184,0.025724301769770537,0.8765635274128668,8.218337284009765,0.8953164046708988
Germany,EVAGO Corporate Events,False,2023-11-30,26038.20331159287,24287.364974657947,993247,23851,1169,163411.51965422046,0.02401316087539152,1.018295458247367,6.728252316573996,0.932758865272574
Germany,EVAGO Corporate Events,False,2023-12-31,26155.145857307696,23805.449655869626,1030631,24718,1313,162178.76395825593,0.02398336553043718,0.9630815460745055,6.812673833206427,0.910163139052747
Germany,EVAGO Corporate Events,False,2024-01-31,27033.538422551388,24353.22561780762,1080208,27810,1472,227420.1088233806,0.025745041695673425,0.8757003098816116,9.338397811954978,0.9008523130472683
Germany,EVAGO Corporate Events,False,2024-02-29,25267.929930874798,22938.55380363376,842617,19483,1005,150327.53319940442,0.0231220115426107,1.1773625110934538,6.55348783041373,0.9078129417956482
Germany,EVAGO Corporate Events,False,2024-03-31,26829.351356620904,24125.05128137298,880102,18700,972,132436.6930864532,0.02124753721727709,1.2901096941910684,5.489592189539009,0.8992036728990632
Germany,EVAGO Corporate Events,False,2024-04-30,22181.41259091586,19862.330803799025,1042047,23488,1104,176724.77362378384,0.02254025010388207,0.845637380951934,8.897484155786092,0.8954493192166405
Germany,EVAGO Corporate Events,False,2024-05-31,25224.72855416734,21964.922402844168,1040807,23625,1219,159431.51407941533,0.022698732810213614,0.9297321651997531,7.258460155487326,0.8707694259494965
Germany,EVAGO Corporate Events,False,2024-06-30,22346.51818001578,20788.91487111034,913124,21755,1087,158833.17430919732,0.023824803641126508,0.9555925015449479,7.640282106783864,0.9302977181340767
Germany,EVAGO Corporate Events,False,2024-07-31,23221.365858038782,20621.787521921717,868554,21213,1047,157931.06494931615,0.02442335191594305,0.9721297092312128,7.658456609613965,0.8880523069999716
Germany,EVAGO Corporate Events,False,2024-08-31,29283.543319966044,25998.979495503118,966086,24148,1254,185832.6736605534,0.024995704316178893,1.0766514616325624,7.147691073516779,0.8878358473025547
Germany,EVAGO Corporate Events,False,2024-09-30,22099.9821157699,20510.269685005667,856224,21833,1050,167002.3517323812,0.025499168441903055,0.9394160071912091,8.142377174809686,0.9280672526142064
Germany,EVAGO Corporate Events,False,2024-10-31,27419.533189527923,24955.833901004688,887939,22538,1091,162354.31041456005,0.02538237423967187,1.1072781036917512,6.505665611439412,0.9101480221601959
Germany,EVAGO Corporate Events,False,2024-11-30,24529.434966995577,21842.73409635659,926392,23417,1337,212179.94136080312,0.025277636249017695,0.9327725198085405,9.713982710442606,0.890470331899045
Germany,EVAGO Corporate Events,False,2024-12-31,23535.50828604074,21054.582153711894,1059234,25575,1205,177432.39086839565,0.02414480653000187,0.8232485690600936,8.427257761423423,0.8945879518650414
Germany,EVAGO Crowd Control,False,2023-01-31,25558.80571880873,23034.458022628034,869102,20122,1068,127367.77469563234,0.023152633407816342,1.1447399872094242,5.529445258512784,0.9012337382288943
Germany,EVAGO Crowd Control,False,2023-02-28,20359.27174939943,18518.541642734705,919757,23257,1075,185041.82888663322,0.025286026635296062,0.7962566815468334,9.99224628248358,0.9095876252686187
Germany,EVAGO Crowd Control,False,2023-03-31,24329.663159687287,21570.38067792289,1007537,25615,1439,221600.95481667164,0.025423383955130184,0.8420995775101655,10.273391004335794,0.8865877236501838
Germany,EVAGO Crowd Control,False,2023-04-30,24444.333293437703,20588.799973950205,892853,25013,1322,192323.08180473695,0.028014689988161545,0.8231239744912727,9.341150627917704,0.8422729197313575
Germany,EVAGO Crowd Control,False,2023-05-31,26269.48334133739,24301.604819713903,1037231,27421,1307,198192.37925772162,0.026436733958009353,0.8862406483977208,8.155526383053697,0.9250887999564554
Germany,EVAGO Crowd Control,False,2023-06-30,26905.22356756096,24333.04713582655,1115775,26122,1251,194702.21695308175,0.023411530102395196,0.9315154710905195,8.001555081295743,0.9043986226215334
Germany,EVAGO Crowd Control,False,2023-07-31,27064.66466330063,24426.854067298333,1133262,29415,1431,231732.16136748553,0.02595604546874421,0.8304216919020341,9.486778802093841,0.9025367345644915
Germany,EVAGO Crowd Control,False,2023-08-31,22252.092649709015,20119.717981673384,891221,20642,1100,137474.18044335232,0.023161482954284066,0.9746980903823943,6.8328085199094035,0.9041719490565074
Germany,EVAGO Crowd Control,False,2023-09-30,25338.376408685075,22540.398775430116,1046770,22242,1106,194300.29801530435,0.021248220717062966,1.0134160046502165,8.620091416798667,0.8895754965461831
Germany,EVAGO Crowd Control,False,2023-10-31,25345.13245319372,22370.28941143044,882119,20686,974,129639.30750836447,0.02345035080300957,1.0814217060538742,5.795155579977579,0.8826266523855383
Germany,EVAGO Crowd Control,False,2023-11-30,19892.03318403863,17942.234650839237,1144339,28466,1466,205880.61658920182,0.024875495810245042,0.6303040346672956,11.47463627556403,0.9019809330117188
Germany,EVAGO Crowd Control,False,2023-12-31,22110.95891989371,19746.541922111814,1034381,26012,1422,219071.99298319168,0.025147406999935226,0.7591320129983014,11.094195320238775,0.8930658319095072
Germany,EVAGO Crowd Control,False,2024-01-31,25071.65345657812,23124.376048336802,945670,26380,1136,172805.32500734157,0.027895566106569944,0.8765874165404398,7.472864333555518,0.9223315122947983
Germany,EVAGO Crowd Control,False,2024-02-29,19112.15070602234,16630.717237184956,941131,23096,1009,173412.03076926759,0.024540685621874107,0.7200691564420226,10.427212987635443,0.8701646137577037
Germany,EVAGO Crowd Control,False,2024-03-31,28277.71531863997,25031.80005951764,1249011,32930,1766,260608.2939021932,0.02636485987713479,0.7601518390378877,10.411088826314916,0.8852129593021717
Germany,EVAGO Crowd Control,False,2024-04-30,24853.065041517002,22656.986996808097,935362,23163,1129,171372.01678580765,0.024763674384890556,0.9781542544924274,7.563760212686287,0.9116375368172754
Germany,EVAGO Crowd Control,False,2024-05-31,21434.44008378488,19033.579181802495,1128485,25873,1386,171208.4911344947,0.022927198855102193,0.7356541252194371,8.995075991707468,0.8879905006803218
Germany,EVAGO Crowd Control,False,2024-06-30,23054.19298735688,20908.532020071714,1020914,25821,1261,180742.16199628677,0.025292042228826327,0.8097491197115415,8.64442141718885,0.9069296865666968
Germany,EVAGO Crowd Control,False,2024-07-31,27280.325446126,24150.023444072634,1107742,27829,1379,195545.7580862347,0.025122275764573338,0.8678006196439914,8.097124979571369,0.8852542280613485
Germany,EVAGO Crowd Control,False,2024-08-31,26315.587723763867,22995.374347393292,1045078,23948,1133,171114.30800567925,0.022915036006881783,0.9602210768078041,7.441249071254037,0.8738309244230822
Germany,EVAGO Crowd Control,False,2024-09-30,22228.841192036034,20370.57227166133,885585,22748,1055,151012.64818554744,0.02568697527622984,0.8954884944461636,7.413274706849045,0.9164027983140899
Germany,EVAGO Crowd Control,False,2024-10-31,26225.45236110293,22675.188924601876,1036107,29360,1448,218796.70675833995,0.028336841658245723,0.7723156990668214,9.649167973235818,0.86462527366099
Germany,EVAGO Crowd Control,False,2024-11-30,23141.282364779403,20486.60287579386,829314,20525,1051,161872.49824654832,0.024749371167012736,0.9981292509521977,7.901383124764444,0.8852838210458934
Germany,EVAGO Crowd Control,False,2024-12-31,23868.488688246904,21467.572208598518,1075807,30145,1470,217162.46953648483,0.028020825296730733,0.7121437123436231,10.115837386097326,0.8994106199597538
Germany,EVAGO Event Infrastructure,False,2023-01-31,29027.334161219303,26062.085138197082,994617,26769,1334,191988.69838256424,0.026913877402055263,0.9735920332547754,7.366590100696969,0.8978463193845816
Germany,EVAGO Event Infrastructure,False,2023-02-28,20967.104320125825,18263.52987970696,827600,18796,873,121933.91167632845,0.022711454809086516,0.9716710938341646,6.676360620287983,0.8710563748269345
Germany,EVAGO Event Infrastructure,False,2023-03-31,25783.192737873458,22727.045663607703,1113456,30320,1365,229610.68031402607,0.027230532683824058,0.749572746161204,10.102970870591262,0.8814674697064759
Germany,EVAGO Event Infrastructure,False,2023-04-30,21958.71527624528,20536.477034180385,970670,26818,1347,199151.8346530733,0.027628339188395645,0.7657721319330444,9.697468281517327,0.9352312635701663
Germany,EVAGO Event Infrastructure,False,2023-05-31,23466.845246154386,20358.720661787815,1095158,28550,1354,188703.12344222685,0.026069297763427743,0.7130900406930933,9.268908718631426,0.8675525171038526
Germany,EVAGO Event Infrastructure,False,2023-06-30,23494.985880948137,20483.038590332453,1070094,27315,1368,197287.52439302934,0.025525794930165012,0.7498824305448455,9.631750851953418,0.8718046775649249
Germany,EVAGO Event Infrastructure,False,2023-07-31,21413.2573088541,20158.358899162646,1116911,27897,1191,177960.3891763241,0.02497692295984192,0.7225995232162112,8.828118899287796,0.9413961924806008
Germany,EVAGO Event Infrastructure,False,2023-08-31,24522.02091662777,22803.474342450012,1065368,26013,1270,168863.05096689519,0.0244169150941271,0.8766183962807063,7.405145743626736,0.9299182322688399
Germany,EVAGO Event Infrastructure,False,2023-09-30,24119.37379476685,22072.555717629602,892396,22997,1240,205045.4193600306,0.025769949663602257,0.9598015270526418,9.28960932223442,0.9151380091973473
Germany,EVAGO Event Infrastructure,False,2023-10-31,25664.904200785437,22456.93640917421,1016630,24014,1196,147544.58729839633,0.02362117978025437,0.935160173614317,6.570111996136782,0.8750056588361218
Germany,EVAGO Event Infrastructure,False,2023-11-30,21178.885334653238,18818.50698709951,998614,28169,1310,188252.62205850802,0.028208096421640395,0.6680573320706986,10.003589667743526,0.8885503977071145
Germany,EVAGO Event Infrastructure,False,2023-12-31,25727.089064806958,23845.838158360108,1061353,28153,1444,244037.83605973911,0.02652557631626801,0.8470087791127094,10.233980220744806,0.9268766512329495
Germany,EVAGO Event Infrastructure,False,2024-01-31,26561.67299648696,23005.179924165506,1012488,26426,1234,210995.88549037496,0.026100062420492884,0.8705509696573642,9.171668562728211,0.8661043273595065
Germany,EVAGO Event Infrastructure,False,2024-02-29,23546.737782740634,21680.542500355874,941726,20613,932,132874.19182924984,0.021888532333183962,1.0517897686099003,6.1287300272614855,0.9207450603304951
Germany,EVAGO Event Infrastructure,False,2024-03-31,23208.478216018222,20861.622833401314,1025881,25386,1072,155411.02159024437,0.024745560157562133,0.8217766813756131,7.449613236292313,0.8988793939536658
Germany,EVAGO Event Infrastructure,False,2024-04-30,28565.437386076523,26192.038651327366,941002,25124,1100,162118.43145946422,0.026699199364082115,1.0425106930157366,6.189607216819235,0.9169136217775539
Germany,EVAGO Event Infrastructure,False,2024-05-31,27974.211337816247,25320.64388378338,1045944,24227,1284,199579.60548843714,0.023162807951477325,1.0451415315054848,7.882090455695638,0.9051423676618291
Germany,EVAGO Event Infrastructure,False,2024-06-30,24578.572636490087,22306.04191893658,1100605,27746,1365,174954.25620733888,0.025209770989592088,0.8039372132536791,7.8433572770618945,0.907540167154392
Germany,EVAGO Event Infrastructure,False,2024-07-31,25394.554153721543,23422.403422716146,937803,22499,1240,188546.74300571028,0.023991179384156375,1.0410419762085492,8.04984610686232,0.9223396197835441
Germany,EVAGO Event Infrastructure,False,2024-08-31,23395.809615514827,21624.51719740903,1032074,22667,1187,195505.82152745614,0.021962572451200205,0.9540087879917515,9.040933480396081,0.9242901849854697
Germany,EVAGO Event Infrastructure,False,2024-09-30,19841.152077772895,16847.469544774,1122342,30724,1502,208527.168795119,0.027374899985922296,0.5483488329896499,12.37735840631349,0.8491175048069626
Germany,EVAGO Event Infrastructure,False,2024-10-31,28087.468189878247,26044.727980546926,1131484,29341,1339,209903.7774512748,0.025931431641985216,0.8876564527639456,8.059357640749948,0.9272721843235605
Germany,EVAGO Event Infrastructure,False,2024-11-30,28469.61387013268,25240.23008740992,1059959,28604,1506,231097.6406614545,0.026985949456535582,0.8824021146486477,9.155924484885276,0.8865673487018841
Germany,EVAGO Event Infrastructure,False,2024-12-31,26150.509150364254,22844.283039858965,1089040,26525,1219,206755.1829250366,0.024356313817674283,0.861235929872157,9.050631292051838,0.8735693407920038
Germany,EVAGO Festival Equipment,False,2023-01-31,25637.2304138136,23311.12450025392,961288,24861,1229,154031.1404505807,0.025862176579755494,0.9376583604945063,6.607623774172836,0.9092684398426146
Germany,EVAGO Festival Equipment,False,2023-02-28,22204.47153297098,19757.549458713635,929936,22285,1075,147659.28464157096,0.023964014727895253,0.8865851226705692,7.473562698153797,0.8898004813749357
Germany,EVAGO Festival Equipment,False,2023-03-31,22667.344125760967,20435.32636534953,969728,23183,1063,142541.0536296524,0.023906703735480466,0.8814789442845848,6.975227656326904,0.9015315712318147
Germany,EVAGO Festival Equipment,False,2023-04-30,24085.518692690297,22108.81556413441,1024439,26421,1401,214201.59270681467,0.025790701056871125,0.8367895069881689,9.688515067007886,0.9179298086216513
Germany,EVAGO Festival Equipment,False,2023-05-31,24013.56154168012,21051.016451695778,1097355,28071,1396,185383.9239450691,0.02558060062605082,0.7499204321789669,8.806412002501446,0.8766303330373432
Germany,EVAGO Festival Equipment,False,2023-06-30,22623.415718821627,19565.160566137292,1100962,25054,1203,161620.28712661858,0.022756462075893626,0.7809196362312323,8.260616445251435,0.8648190356976021
Germany,EVAGO Festival Equipment,False,2023-07-31,22160.316594548767,20828.217515831442,1051216,30032,1410,173215.46995557376,0.028568819348259538,0.6935341474371152,8.316384722980418,0.9398880844940181
Germany,EVAGO Festival Equipment,False,2023-08-31,23873.252581245022,21332.671905486754,1057483,23934,1224,202636.71041971582,0.022632987953470646,0.8913124386014354,9.498890308606759,0.8935804550673516
Germany,EVAGO Festival Equipment,False,2023-09-30,25092.620194246192,22133.413330571737,931414,25199,1249,159332.75834301292,0.027054564350546588,0.8783449077571228,7.198743183589078,0.8820686384774991
Germany,EVAGO Festival Equipment,False,2023-10-31,26139.87269044613,23601.918684254488,964058,26439,1297,188942.40650935518,0.027424698513989824,0.8926933198780017,8.005383335016912,0.9029087082310374
Germany,EVAGO Festival Equipment,False,2023-11-30,25629.7032549064,23204.949328469276,1106088,26580,1290,224576.4676588183,0.024030637706945558,0.8730229243216432,9.67795552922384,0.9053928208875012
Germany,EVAGO Festival Equipment,False,2023-12-31,26858.72851714519,23974.22810435532,986796,23489,1119,165400.85764151896,0.023803298756784583,1.0206576739901791,6.899110866950963,0.8926047295593847
Germany,EVAGO Festival Equipment,False,2024-01-31,24492.16141010772,22228.43073724936,1059253,26432,1222,144784.13035105035,0.024953434165397692,0.8409666592482354,6.513466112946421,0.9075732584416115
Germany,EVAGO Festival Equipment,False,2024-02-29,20421.555027875736,19045.758898908378,969815,22304,1013,147849.39110806037,0.022998200687760036,0.853916736859235,7.762851136193605,0.932630197500172
Germany,EVAGO Festival Equipment,False,2024-03-31,25272.561636557304,23218.316435131303,880824,22113,1007,162604.713845514,0.02510490177379363,1.0499849154402976,7.003294760832836,0.9187163837616488
Germany,EVAGO Festival Equipment,False,2024-04-30,24240.419823816468,22474.164120973845,940121,19513,922,142059.6528567811,0.02075583887605957,1.151753401372103,6.321020532381223,0.9271359276910188
Germany,EVAGO Festival Equipment,False,2024-05-31,23239.051548378775,21863.023262365612,882037,21610,1154,170533.77016747557,0.02450010600462339,1.0117086192672657,7.800100110629602,0.9407881047490874
Germany,EVAGO Festival Equipment,False,2024-06-30,24451.310811441563,22665.510633908223,1026459,24278,1109,175521.44290383364,0.02365218678973052,0.9335822816503923,7.743988023867804,0.9269650534768996
Germany,EVAGO Festival Equipment,False,2024-07-31,26059.125361026607,23235.479007316673,1060560,24448,1222,157830.67889974546,0.023051972542807574,0.9504040824327827,6.792658711707462,0.8916446229644794
Germany,EVAGO Festival Equipment,False,2024-08-31,24165.269652313746,20550.263878092344,977211,23423,1153,148256.26794238295,0.023969234893999353,0.8773540485032807,7.214324293929475,0.850404906453205
Germany,EVAGO Festival Equipment,False,2024-09-30,25584.670888144596,22649.229938177377,884107,22371,968,158763.10055058985,0.025303498332215443,1.0124370809609484,7.009646729003352,0.8852656357081599
Germany,EVAGO Festival Equipment,False,2024-10-31,26885.093679085003,25436.210186532287,1005682,24768,1188,153694.69764296847,0.024628063344078945,1.0269787704510775,6.042358374768629,0.9461082966699923
Germany,EVAGO Festival Equipment,False,2024-11-30,24049.442026272143,22114.37982758216,814705,22168,1029,150789.92252999064,0.02720984896373534,0.9975811903456406,6.818636728935889,0.91953816655804
Germany,EVAGO Festival Equipment,False,2024-12-31,22056.979008999813,20406.12710673758,1067473,24288,1229,153249.4688415978,0.022752800305019423,0.8401732175040175,7.50997325656169,0.9251551220324122
Germany,EVAGO Sports Events,False,2023-01-31,25938.327233063574,22775.825081326664,954204,19763,1000,152141.68756797764,0.020711504038968605,1.152447760022601,6.6799638223738755,0.8780760947565782
Germany,EVAGO Sports Events,False,2023-02-28,21392.242975008812,19414.291773833276,747386,18092,1016,171375.35396049308,0.024207036257034516,1.0730870978240812,8.827278169965181,0.9075388586654402
Germany,EVAGO Sports Events,False,2023-03-31,26491.674966267517,24882.68817728748,854719,22238,1149,146582.00842179946,0.026017907639820807,1.118926530141536,5.890923335027651,0.939264437185312
Germany,EVAGO Sports Events,False,2023-04-30,22467.6169626784,19821.833219402397,1097059,25931,1273,180362.66369439548,0.023636832658954533,0.7644068188424047,9.099191870802814,0.8822401259701468
Germany,EVAGO Sports Events,False,2023-05-31,22440.68357523438,20131.012406423506,1034952,25759,1300,192508.42517619368,0.024889076981347926,0.7815137391367486,9.562779123556007,0.8970766126144287
Germany,EVAGO Sports Events,False,2023-06-30,22516.996021235016,20579.653562181476,982666,24406,1162,169492.5449084287,0.02483651617131355,0.8432210752348388,8.235927995401212,0.9139608828270654
Germany,EVAGO Sports Events,False,2023-07-31,24249.850307789715,21755.231106459567,1045799,25752,1165,169719.58653086174,0.024624234676070642,0.8447977285826176,7.801323079508384,0.8971284700867284
Germany,EVAGO Sports Events,False,2023-08-31,23679.550586449,21857.801597791586,932617,22837,1110,167353.62971961687,0.024487008064403716,0.9571222839160829,7.65647125905496,0.923066572483857
Germany,EVAGO Sports Events,False,2023-09-30,25143.393034442604,22564.30569254991,1109826,27260,1488,221627.33161081368,0.024562408882113054,0.8277441559996299,9.822031957490662,0.8974248488117837
Germany,EVAGO Sports Events,False,2023-10-31,26278.09507828489,22908.35892015979,1015934,24505,1351,228134.45473949,0.02412066138154644,0.9348442734201098,9.958568203623148,0.8717663457687347
Germany,EVAGO Sports Events,False,2023-11-30,24320.425232404566,21840.23807933812,1012474,26149,1199,189040.45920091006,0.025826836047147878,0.8352226884140166,8.655604326023859,0.89802040345241
Germany,EVAGO Sports Events,False,2023-12-31,24703.409067919307,22281.255390727678,951391,22797,1088,132950.7796786997,0.02396175704836392,0.9773766456431845,5.966933969709222,0.9019506307598201
Germany,EVAGO Sports Events,False,2024-01-31,26210.893598657574,23947.173107963663,930562,21334,1116,165442.0758278974,0.02292593078161369,1.1224886616651197,6.908626545689414,0.9136343641939071
Germany,EVAGO Sports Events,False,2024-02-29,21089.293871024915,18837.457507724033,934145,23405,1095,180455.2991434151,0.025054996815269577,0.8048475756344385,9.579599532974232,0.8932237192448281
Germany,EVAGO Sports Events,False,2024-03-31,24026.31479939189,21446.98141545925,1020271,25533,1032,148760.14537423302,0.02502570395512565,0.8399710733348705,6.936181017390394,0.8926454845252455
Germany,EVAGO Sports Events,False,2024-04-30,23357.46217414097,21258.323281103705,959993,24710,1254,188532.75842869404,0.025739771019163683,0.8603125569042374,8.868656099339631,0.9101298387047708
Germany,EVAGO Sports Events,False,2024-05-31,29633.50260088338,26263.70448534378,951959,23496,1114,183337.69426871193,0.024681735242799322,1.1177947091140525,6.980648688421767,0.8862841777117786
Germany,EVAGO Sports Events,False,2024-06-30,24002.295069349242,20037.648110984723,1054897,26842,1318,195810.99827117767,0.025445138245724464,0.7465035433643068,9.772154755219663,0.8348221723418714
Germany,EVAGO Sports Events,False,2024-07-31,23932.32268845528,21038.534929760743,972318,25825,1267,178609.66591070223,0.026560240579728032,0.8146576933111613,8.489643718396195,0.879084542007681
Germany,EVAGO Sports Events,False,2024-08-31,23513.871396774248,21704.411282957568,1008803,24128,1395,194821.96629001558,0.023917454646744708,0.899552854897114,8.976146081556745,0.9230471204301598
Germany,EVAGO Sports Events,False,2024-09-30,28971.971174768805,25628.413355941393,1013133,25320,1367,201040.00561198307,0.024991782914977598,1.0121806222725669,7.844418724633075,0.8845933609881795
Germany,EVAGO Sports Events,False,2024-10-31,22936.914737032057,20073.93672758825,1140448,26825,1261,198563.61380294478,0.023521458233957182,0.7483294213453215,9.891613015301203,0.8751803351816329
Germany,EVAGO Sports Events,False,2024-11-30,20210.90841057334,17164.9560855716,1122622,25201,1226,181809.2829848304,0.02244833969047462,0.681122022363065,10.591887452462194,0.849291666503805
Germany,EVAGO Sports Events,False,2024-12-31,20283.52912840345,18394.922895667758,1044706,24836,1142,166886.39158601162,0.02377319552103654,0.7406556166720791,9.072415934144281,0.9068896629979919
Germany,EVAGO-Mojo Brand Transition,True,2023-01-31,23803.960253763657,21657.009650018234,1096740,27908,1450,230553.8607094838,0.025446322738297136,0.7760143919312825,10.645692292485528,0.9098069993035731
Germany,EVAGO-Mojo Brand Transition,True,2023-02-28,18777.05257477601,17251.8233915782,939896,23595,1199,181240.04722095456,0.025103841276056076,0.7311643734510787,10.505558925987515,0.9187716401642975
Germany,EVAGO-Mojo Brand Transition,True,2023-03-31,25837.441517411135,23070.467657617333,1116103,28135,1321,170832.55431072824,0.025208246909111436,0.8199917418737278,7.404815404958785,0.8929083648654138
Germany,EVAGO-Mojo Brand Transition,True,2023-04-30,23499.917672866148,20613.39677777944,915538,20888,1049,157119.370046143,0.022815000578894594,0.9868535416401493,7.622196949874487,0.8771688933012906
Germany,EVAGO-Mojo Brand Transition,True,2023-05-31,26868.96913111249,24405.47090208535,1016317,25760,1308,219124.73959265652,0.025346422425286598,0.9474173486834375,8.978508977424942,0.9083143749577437
Germany,EVAGO-Mojo Brand Transition,True,2023-06-30,26154.136976578367,22930.222976457215,982906,25527,1260,160397.86010602748,0.025970947374418307,0.8982733175248645,6.995041446858595,0.8767340706746225
Germany,EVAGO-Mojo Brand Transition,True,2023-07-31,32116.06244714143,28689.580610420722,973341,23802,1109,166359.6712194717,0.024453916972571793,1.2053432741122898,5.79860937942906,0.8933094042160299
Germany,EVAGO-Mojo Brand Transition,True,2023-08-31,33035.45536879464,27538.870924710263,1069057,26468,1158,201883.68043088625,0.024758268268202724,1.0404590798213036,7.3308626552927665,0.8336155992789352
Germany,EVAGO-Mojo Brand Transition,True,2023-09-30,35820.53216619481,31953.47514284054,1051696,28692,1354,179371.40565102283,0.02728164792867901,1.1136719344360986,5.613517930340437,0.8920435630209939
Germany,EVAGO-Mojo Brand Transition,True,2023-10-31,35183.69954326498,29623.3307692237,1022612,27541,1412,196085.1730317978,0.02693201331492296,1.0756083936394358,6.61928176002122,0.8419617934946335
Germany,EVAGO-Mojo Brand Transition,True,2023-11-30,32064.371839814597,28588.950346988306,1084577,24353,1189,189576.71229340864,0.022453915213027753,1.1739395699498338,6.631118316429534,0.8916111155961948
Germany,EVAGO-Mojo Brand Transition,True,2023-12-31,31478.60652694907,27348.52108878401,912495,23586,1254,183114.93071583455,0.025847812864728027,1.1595234922744004,6.695606322600471,0.8687970690624676
Germany,EVAGO-Mojo Brand Transition,True,2024-01-31,32166.348871341885,26868.923800134857,1049717,25465,1338,195355.31920930362,0.02425891930872797,1.0551315059939075,7.270678969595467,0.8353115831580535
Germany,EVAGO-Mojo Brand Transition,True,2024-02-29,23900.558900091648,20693.36671708296,726339,15606,750,108373.8700652181,0.02148583512657313,1.3259878711446214,5.23713089063233,0.8658109964534599
Germany,EVAGO-Mojo Brand Transition,True,2024-03-31,33083.30843119134,29673.773004021084,996637,26804,1139,171572.99857072684,0.026894446021971892,1.1070651023735667,5.781974491328657,0.8969409170711685
Germany,EVAGO-Mojo Brand Transition,True,2024-04-30,30948.59275975287,27368.728521548877,1107897,30472,1379,229342.09039697974,0.027504361867574333,0.8981599015997925,8.37971300772728,0.8843286909361697
Germany,EVAGO-Mojo Brand Transition,True,2024-05-31,26696.18536727849,23424.532911532468,1024485,26027,1141,138473.0804490409,0.025404959565049758,0.900008948842835,5.911455352045343,0.8774486912367605
Germany,EVAGO-Mojo Brand Transition,True,2024-06-30,27403.65797290125,24330.63660895441,1031175,26914,1423,183125.18584968653,0.026100322447693166,0.9040141416717846,7.526526691138486,0.8878609064897224
Germany,EVAGO-Mojo Brand Transition,True,2024-07-31,36484.05164387131,30419.536915992314,899443,20572,1108,168029.82076946594,0.022871932962955963,1.4786864143492278,5.523746835249436,0.8337762815633518
Germany,EVAGO-Mojo Brand Transition,True,2024-08-31,30037.816238545514,23824.56470044273,1046756,25874,1253,172969.75021893368,0.024718272453179157,0.9207917098416453,7.260143150305676,0.793152355392276
Germany,EVAGO-Mojo Brand Transition,True,2024-09-30,33611.378160783825,28130.64791452821,1019407,24341,1200,179001.21082299284,0.023877607275602383,1.1556899024086196,6.363209669641018,0.8369382469222797
Germany,EVAGO-Mojo Brand Transition,True,2024-10-31,28487.498767102104,24135.51217247363,1067817,27081,1365,173396.28522994235,0.025361087152573895,0.8912341557724468,7.1842803248111515,0.8472317057314197
Germany,EVAGO-Mojo Brand Transition,True,2024-11-30,32433.82533336011,28601.575174819194,1165653,26728,1280,201885.97520117892,0.022929636864487117,1.0700978440144864,7.058561424229501,0.8818440279815154
Germany,EVAGO-Mojo Brand Transition,True,2024-12-31,33035.17965957137,28538.30477559603,1014822,25878,1421,206153.28364479193,0.025500038430384835,1.1028017920857882,7.223739646269384,0.8638761789608598
Germany,EVAGO-Mojo Partnership,True,2023-01-31,22141.153738226054,20535.078497759092,1057928,27998,1444,237484.80040535767,0.02646493901286288,0.7334480497806662,11.564835285692888,0.9274619895848463
Germany,EVAGO-Mojo Partnership,True,2023-02-28,20729.005660559582,18835.536364646472,998669,26521,1296,229081.7234548607,0.026556346497187758,0.7102121475301261,12.162208658142472,0.9086560481038531
Germany,EVAGO-Mojo Partnership,True,2023-03-31,28330.843089989863,26189.46564853968,934487,23456,1227,167630.10948444277,0.02510040268082916,1.1165358820148228,6.400669327661131,0.924415329446839
Germany,EVAGO-Mojo Partnership,True,2023-04-30,24673.973764286475,21944.241251594307,1005743,24214,1027,145009.5789120262,0.02407573306500766,0.9062625444616464,6.608092631204137,0.8893679413470388
Germany,EVAGO-Mojo Partnership,True,2023-05-31,19350.83563934341,18049.23234772419,1124100,28429,1313,191219.55632043502,0.025290454585890933,0.6348880490950857,10.594331805172073,0.9327365848236111
Germany,EVAGO-Mojo Partnership,True,2023-06-30,31598.506184182355,28141.328519046692,927198,20281,1041,161039.71971194347,0.021873429407742468,1.3875710526624274,5.722534371571979,0.8905904714297455
Germany,EVAGO-Mojo Partnership,True,2023-07-31,34349.51585929448,29658.19308380621,1118914,26902,1445,179063.82583277483,0.024042955937632383,1.1024530921049072,6.037583790987799,0.8634239040018706
Germany,EVAGO-Mojo Partnership,True,2023-08-31,35190.0957808219,31060.135382153534,1096359,28162,1312,193495.38049244217,0.025686841627605556,1.1029094305146485,6.22970177405023,0.8826385576103166
Germany,EVAGO-Mojo Partnership,True,2023-09-30,32565.514303123506,28337.17544871339,976649,24025,1162,167566.10584370303,0.024599421081678268,1.179487011392857,5.91329598629108,0.8701590027090542
Germany,EVAGO-Mojo Partnership,True,2023-10-31,36244.963872007414,31030.252130774297,965614,24291,1184,170336.84005899596,0.02515601472223891,1.277438233533996,5.489379826535929,0.85612589490645
Germany,EVAGO-Mojo Partnership,True,2023-11-30,32839.5733404938,28064.252156959978,1023430,25103,1316,188078.14653473694,0.024528301886792454,1.1179640742923147,6.701698141922277,0.8545863816797683
Germany,EVAGO-Mojo Partnership,True,2023-12-31,31884.4356455495,27746.07161199633,971495,22675,1114,154230.23388215192,0.023340315698999994,1.2236415264386473,5.558633165765662,0.8702073927367502
Germany,EVAGO-Mojo Partnership,True,2024-01-31,28325.431690958867,24557.424962431447,1005608,26235,1203,185429.25931992245,0.02608869460067939,0.9360558400011987,7.550842957011849,0.866974428858215
Germany,EVAGO-Mojo Partnership,True,2024-02-29,23972.19140498979,20540.92432049501,936866,23566,1198,148097.60426147853,0.025154077530831518,0.8716338929175511,7.209880234732765,0.8568646884831496
Germany,EVAGO-Mojo Partnership,True,2024-03-31,29197.14001416507,24442.342614430883,1148184,25528,1417,213771.5862102502,0.022233370261212488,0.9574718980895833,8.745953265708598,0.8371485221693843
Germany,EVAGO-Mojo Partnership,True,2024-04-30,31029.090658094556,27133.549202033126,888890,22894,1204,206493.86048185456,0.025755717805352744,1.1851816721426194,7.6102782921735095,0.8744551846850465
Germany,EVAGO-Mojo Partnership,True,2024-05-31,32078.442342679693,27428.636821265176,1209764,29273,1618,240422.01485807693,0.02419728145324212,0.9369943914619334,8.765365060784935,0.8550488994527004
Germany,EVAGO-Mojo Partnership,True,2024-06-30,32028.48874229206,27704.69760093376,932140,20975,1032,152340.75746896988,0.022501984680412812,1.3208437473627537,5.498733812703135,0.8650017121897812
Germany,EVAGO-Mojo Partnership,True,2024-07-31,29454.31087383678,24779.69386496807,963359,25032,1192,159356.31322012836,0.025984082777033277,0.9899206561588395,6.430923403997982,0.8412926030117714
Germany,EVAGO-Mojo Partnership,True,2024-08-31,27738.055215180546,24044.944203357943,1137525,27033,1362,192194.86981783313,0.02376475242302367,0.8894663634579197,7.99315100057469,0.8668576083228277
Germany,EVAGO-Mojo Partnership,True,2024-09-30,33217.47203266969,28014.27474127066,845440,21839,1037,176669.82342448024,0.025831519682059045,1.2827636220188956,6.306421460349643,0.8433596245288733
Germany,EVAGO-Mojo Partnership,True,2024-10-31,35210.702634110974,30667.21258941194,1180051,31303,1616,237495.29274376377,0.026526819603559508,0.979689249893363,7.744273857669105,0.8709628123041927
Germany,EVAGO-Mojo Partnership,True,2024-11-30,32508.069766666,29302.418908782394,998470,26449,1276,206315.83742646937,0.026489528979338386,1.1078838106840483,7.0409148838095845,0.9013890741316575
Germany,EVAGO-Mojo Partnership,True,2024-12-31,33900.194275420574,29267.060211581298,871330,22511,1224,191704.04164557738,0.02583521742623346,1.3001226161246189,6.550163913276059,0.8633301618805606
Germany,Mojo Equipment Integration,True,2023-01-31,24016.077004508625,20368.963101468624,1121752,26709,1348,175492.65802180493,0.023810075667348933,0.7626254484057293,8.615689328297313,0.8481386488577916
Germany,Mojo Equipment Integration,True,2023-02-28,25394.555242574894,23200.897569959245,997852,27700,1399,209192.71689498337,0.027759627680257193,0.8375775296014167,9.016578615727704,0.9136170075962621
Germany,Mojo Equipment Integration,True,2023-03-31,22583.153447326393,20897.274567621083,1056528,28346,1536,252583.31024637047,0.026829388336134963,0.7372212858117929,12.086902022990657,0.9253479420561215
Germany,Mojo Equipment Integration,True,2023-04-30,27828.988472838577,25423.525752832495,1130908,26731,1202,195683.7932148481,0.02363675913513743,0.9510877166148851,7.696957342474283,0.913562696597692
Germany,Mojo Equipment Integration,True,2023-05-31,25276.051258629137,21427.879697139666,906298,24301,1207,184876.04314353896,0.02681347636207958,0.8817694620443466,8.627827193197161,0.8477542428556469
Germany,Mojo Equipment Integration,True,2023-06-30,32622.072634259603,28960.77478895807,894580,22505,1117,168624.41454567545,0.025157056942922935,1.2868595773809408,5.8225104740625655,0.8877662407796724
Germany,Mojo Equipment Integration,True,2023-07-31,28799.658558512612,25755.18687820679,903339,21596,1172,177217.9415392226,0.023906861100871323,1.1925906129934614,6.8808641295155475,0.8942879244863152
Germany,Mojo Equipment Integration,True,2023-08-31,32058.47119313035,27119.861487129525,1134595,29260,1409,181656.61631911073,0.025788937902952155,0.9268578772088013,6.698287025002722,0.8459499307921117
Germany,Mojo Equipment Integration,True,2023-09-30,31292.213836598814,28164.68395007686,1034307,23760,1099,129042.09174500756,0.02297190292630718,1.185382321131181,4.5816985546061995,0.9000540548887579
Germany,Mojo Equipment Integration,True,2023-10-31,29754.270158374376,27109.59238535916,1030169,24341,1349,190141.25049318006,0.023628161981189492,1.113741932761972,7.013799683534452,0.9111160260716101
Germany,Mojo Equipment Integration,True,2023-11-30,28833.51336814176,24003.10129570514,1024221,27372,1416,230859.80136317862,0.026724701016675113,0.8769217191182647,9.617915556790415,0.8324723036432404
Germany,Mojo Equipment Integration,True,2023-12-31,35576.10798835636,29322.840415533017,817149,20635,1022,155676.68587389804,0.02525243254290221,1.4210244931200882,5.309058865642236,0.8242284520029577
Germany,Mojo Equipment Integration,True,2024-01-31,32439.582915378036,27341.420047520613,1085177,28070,1338,205627.32822070454,0.025866748005164135,0.9740441769690279,7.520725985092033,0.8428412941943026
Germany,Mojo Equipment Integration,True,2024-02-29,35678.28854926882,31317.54881391246,1031556,27478,1205,218871.94207683043,0.02663742928159014,1.1397317422633546,6.988795431512159,0.8777760954162772
Germany,Mojo Equipment Integration,True,2024-03-31,29801.702687930483,25560.861808705013,943556,24378,1121,151290.40406664455,0.025836304363493,1.0485216920463127,5.9188303273530884,0.8576980341145747
Germany,Mojo Equipment Integration,True,2024-04-30,32644.896168449144,28783.976016137105,965378,21965,917,142685.65460176748,0.02275274555666278,1.3104473487883954,4.95712109132435,0.8817297462859274
Germany,Mojo Equipment Integration,True,2024-05-31,35098.848053575355,29702.471209937292,1045094,26635,1293,204961.95909916685,0.025485745779805453,1.1151669311033336,6.900501902703454,0.8462520241290836
Germany,Mojo Equipment Integration,True,2024-06-30,30559.757057340947,26318.13496624946,1112760,27615,1322,177267.47145835884,0.024816672058664942,0.9530376594694717,6.735563583273957,0.8612023622068494
Germany,Mojo Equipment Integration,True,2024-07-31,37099.69917316387,33509.95035572836,1178089,28993,1471,243791.94334574637,0.024610194985268515,1.1557945143906585,7.275210519793305,0.9032404871888514
Germany,Mojo Equipment Integration,True,2024-08-31,26898.462941440554,23326.4756732147,1017052,26185,1239,183162.60540688716,0.025745979556600844,0.8908335181674508,7.852133685896191,0.8672047813288711
Germany,Mojo Equipment Integration,True,2024-09-30,29882.443305209876,25901.08596445602,1031590,27171,1189,169542.55663202814,0.026338952490815148,0.953262153194804,6.545770199160408,0.8667660037002488
Germany,Mojo Equipment Integration,True,2024-10-31,37177.61237057856,31962.691293558713,965641,22928,1163,173647.08582437292,0.023743813694737485,1.3940462008704952,5.432805524088241,0.8597295322507907
Germany,Mojo Equipment Integration,True,2024-11-30,30140.183776184043,25777.099709037695,926287,23458,1119,133071.9204878827,0.025324764354892167,1.09886178314595,5.162408571559601,0.8552402964910274
Germany,Mojo Equipment Integration,True,2024-12-31,32564.597716584274,28739.06685575716,1000601,21869,1166,166195.43790173923,0.02185586462536016,1.3141463649804361,5.782910027520469,0.8825248543181334
Germany,Mojo Legacy Support,True,2023-01-31,21542.043938530325,19359.78975443589,933629,23119,1133,165439.26451070406,0.024762512732573645,0.8373973681576145,8.545509357755144,0.8986979048821253
Germany,Mojo Legacy Support,True,2023-02-28,24862.76699348919,22328.07747687826,819284,20578,1127,160141.72988124719,0.025117053427138818,1.0850460431955613,7.172213104647331,0.8980527984968573
Germany,Mojo Legacy Support,True,2023-03-31,24812.564974398207,21748.694496764336,776204,17492,870,137837.7902215714,0.022535312881665128,1.2433509316695823,6.337750077002472,0.8765193972974904
Germany,Mojo Legacy Support,True,2023-04-30,24940.46993616638,23258.253214706583,853980,23665,938,144171.50008728492,0.027711421813157215,0.9828123057133565,6.198724330515194,0.9325507207456263
Germany,Mojo Legacy Support,True,2023-05-31,24814.90355022248,22885.95091217442,912125,23070,1165,163830.66798798376,0.02529258599424421,0.9920221461714096,7.158569404290399,0.9222663656885031
Germany,Mojo Legacy Support,True,2023-06-30,32058.046778662992,27492.46548031057,770765,17052,788,111572.60444335075,0.02212347472965171,1.6122721956550885,4.058297518760416,0.8575839217568565
Germany,Mojo Legacy Support,True,2023-07-31,26994.54293562394,23298.556927638954,1146241,27841,1395,217775.6964151118,0.02428895843020796,0.8368433938306438,9.347175324698572,0.8630839567538112
Germany,Mojo Legacy Support,True,2023-08-31,32838.932853960105,29149.314320438465,958569,23475,1070,132764.7788576593,0.024489629854501867,1.2417173299441306,4.554645004619177,0.8876449929134436
Germany,Mojo Legacy Support,True,2023-09-30,28225.88902001122,24979.81020905383,919117,22146,1066,160912.47901340402,0.024094864962784932,1.1279603634540698,6.441701424740287,0.8849964014009966
Germany,Mojo Legacy Support,True,2023-10-31,37518.261162516144,31838.551851852157,962663,26593,1317,195053.10735817815,0.027624412696862766,1.1972531061501959,6.126318441422179,0.8486148042399553
Germany,Mojo Legacy Support,True,2023-11-30,30710.169542992517,26148.613871394795,770362,17115,886,136609.469514752,0.02221682793284196,1.527818514250353,5.224348418108525,0.8514643279578187
Germany,Mojo Legacy Support,True,2023-12-31,35348.77082278082,30299.606558600735,726168,17785,888,133704.378582704,0.02449157770653623,1.7036607567388662,4.412743060676845,0.8571615321649004
Germany,Mojo Legacy Support,True,2024-01-31,31883.98213947672,28707.910570195872,1090176,25947,1189,176524.95541762246,0.023800744100035225,1.106405772158472,6.149000464035445,0.9003866093204074
Germany,Mojo Legacy Support,True,2024-02-29,30196.535315968587,25846.40387085697,888176,18856,1031,169910.225953296,0.02123002648123795,1.3707257038002212,6.573843959193012,0.8559393851118021
Germany,Mojo Legacy Support,True,2024-03-31,34576.59093469584,31550.520197078444,1061050,21772,1106,156209.7084339227,0.02051929692285943,1.4491328402112091,4.951097714337769,0.9124820968228857
Germany,Mojo Legacy Support,True,2024-04-30,30820.2354203155,27545.658189043625,1108913,27196,1323,189958.46252215112,0.024524917644576264,1.0128569712106055,6.896130824628751,0.8937523615048897
Germany,Mojo Legacy Support,True,2024-05-31,33709.795192848615,29586.710993691027,945994,22144,1162,172643.80365721756,0.02340818229291095,1.3361050846139373,5.835180655735325,0.8776888386425948
Germany,Mojo Legacy Support,True,2024-06-30,30087.865265803935,25476.024387037083,1062259,26884,1305,223482.99378035447,0.025308328759746916,0.9476277483647182,8.772286852342193,0.8467209010002982
Germany,Mojo Legacy Support,True,2024-07-31,33367.76608911366,28437.156292193704,1094919,24764,1255,205374.54979854703,0.022617198167170355,1.148326453407919,7.222049479501735,0.8522343454532731
Germany,Mojo Legacy Support,True,2024-08-31,39900.86659598486,34353.56637868551,893542,23061,1188,190121.77005777071,0.025808523829881528,1.4896824239488968,5.5342658739422985,0.8609729389221445
Germany,Mojo Legacy Support,True,2024-09-30,27601.95254551603,23815.33839288617,856955,23964,1137,193759.56505737267,0.027964128804896408,0.9937964610618498,8.135914840296797,0.8628135402238056
Germany,Mojo Legacy Support,True,2024-10-31,34177.01650001308,29374.96641620314,952785,24041,1179,177722.56329998936,0.02523234517755842,1.2218695734870904,6.0501367314571,0.8594947547920662
Germany,Mojo Legacy Support,True,2024-11-30,30903.409236381154,25812.21869779812,897932,21924,1242,172768.99511338264,0.02441610277838411,1.1773498767468582,6.69330277788637,0.8352547287051614
Germany,Mojo Legacy Support,True,2024-12-31,35979.17969365206,29822.044404066342,1031561,22818,1179,168167.1849530951,0.02211987463659444,1.3069525990036963,5.639022686525304,0.8288694922449261
Germany,Mojo-EVAGO Joint Events,True,2023-01-31,25975.905782431066,24333.698547574677,1120040,31990,1509,242630.9123870753,0.028561479947144745,0.7606657876703556,9.970983733225305,0.9367795968844673
Germany,Mojo-EVAGO Joint Events,True,2023-02-28,20643.993544753073,18439.802493938823,884373,23464,1184,185362.11265050518,0.02653179144998773,0.7858763422237821,10.052282973824358,0.8932284566919722
Germany,Mojo-EVAGO Joint Events,True,2023-03-31,23841.713611417446,21628.158497976325,937794,22261,1185,158390.75060393268,0.02373762254823554,0.9715717397231177,7.323358140673547,0.90715620741367
Germany,Mojo-EVAGO Joint Events,True,2023-04-30,27854.774942225846,24465.795003037547,951386,24974,1183,194239.30998012493,0.026250123504024656,0.979650636783757,7.9392192224290765,0.8783339680102442
Germany,Mojo-EVAGO Joint Events,True,2023-05-31,26940.26064764575,23510.86215876583,919661,23569,1103,149328.53487399142,0.0256279215928478,0.997533291983785,6.3514699659074605,0.8727035891102409
Germany,Mojo-EVAGO Joint Events,True,2023-06-30,28833.570642872844,25578.863689654347,947115,22918,1156,181612.0304556055,0.024197695105662987,1.1161036604264922,7.100082030972334,0.8871209191004928
Germany,Mojo-EVAGO Joint Events,True,2023-07-31,32878.130044940575,27943.15561019847,1182225,30163,1481,250096.43582199333,0.025513755841739094,0.9264050528859354,8.950185845535467,0.8499010002090579
Germany,Mojo-EVAGO Joint Events,True,2023-08-31,34450.10042970289,29888.663471395863,897905,22274,953,143758.43562220887,0.02480663321843625,1.341863314689587,4.809798061388358,0.8675929271203472
Germany,Mojo-EVAGO Joint Events,True,2023-09-30,27687.748455543875,23735.99118124963,939180,23027,992,153447.37393590616,0.024518196724802488,1.0307895592673657,6.464755264028018,0.8572741557285063
Germany,Mojo-EVAGO Joint Events,True,2023-10-31,30329.78590221353,26393.63918954689,921392,23832,1124,167044.17828548703,0.025865212634796048,1.1074873778762542,6.328955892965465,0.8702217442168172
Germany,Mojo-EVAGO Joint Events,True,2023-11-30,29079.955560914343,25604.032547576895,915887,22401,1181,156949.11605640547,0.02445825740511657,1.1429861411355249,6.129859262003585,0.8804701401260272
Germany,Mojo-EVAGO Joint Events,True,2023-12-31,39993.575017321484,34166.36972851565,1013362,24684,1228,182638.80189881581,0.024358521436564622,1.384150450839234,5.34557236692265,0.8542964642125134
Germany,Mojo-EVAGO Joint Events,True,2024-01-31,31027.99409594402,27349.76294047159,1133343,28701,1457,214240.20153210408,0.0253241957642126,0.9529202097652204,7.833347660029478,0.8814544329195535
Germany,Mojo-EVAGO Joint Events,True,2024-02-29,29254.678767345697,24447.618876180462,933734,21661,1278,192640.37146097113,0.023198255605986286,1.1286468249933272,7.879719183967744,0.8356823559952772
Germany,Mojo-EVAGO Joint Events,True,2024-03-31,30910.102671797893,26245.35107790659,984544,21404,1185,186048.20600231516,0.021740013650989695,1.2261890804478879,7.088806145135968,0.8490865060067438
Germany,Mojo-EVAGO Joint Events,True,2024-04-30,32580.34686674886,27679.08738858888,1028672,25159,1183,183406.66250465708,0.024457747464692342,1.1001664370042084,6.6261817064196,0.8495639258168196
Germany,Mojo-EVAGO Joint Events,True,2024-05-31,33762.08461610312,28520.309164533985,1077958,28140,1397,216805.21708249714,0.026104913178435524,1.0135148956835105,7.601783551214168,0.8447437262487925
Germany,Mojo-EVAGO Joint Events,True,2024-06-30,32678.287932729483,28789.563108434188,1024719,27157,1310,202157.73087165665,0.026501899545143596,1.0601157384259745,7.021910339877041,0.880999738043177
Germany,Mojo-EVAGO Joint Events,True,2024-07-31,31933.602152138137,26463.881266672804,954383,23958,1245,183505.50807106274,0.0251031294564132,1.1045947602751818,6.934187250233765,0.8287158191735942
Germany,Mojo-EVAGO Joint Events,True,2024-08-31,34215.21625995029,28906.25062245067,904933,24108,1224,178473.39594803329,0.026640646324092503,1.1990314676642886,6.174214645790763,0.8448361221169924
Germany,Mojo-EVAGO Joint Events,True,2024-09-30,28330.695960834448,25102.04587238515,920467,20833,1001,179945.13094784343,0.022633076470965283,1.2049174805541762,7.168544423138103,0.8860370358386989
Germany,Mojo-EVAGO Joint Events,True,2024-10-31,29754.7864518977,26227.818496078457,835702,21570,1064,152920.1397501038,0.02581063584866376,1.2159396613851858,5.830455924993082,0.881465526176065
Germany,Mojo-EVAGO Joint Events,True,2024-11-30,31313.520319566986,27914.15581883044,1052770,26925,1353,190901.7662614969,0.025575386836630982,1.036737449167333,6.83888731941224,0.89144099845547
Germany,Mojo-EVAGO Joint Events,True,2024-12-31,34343.30783444873,29532.48063985986,956383,23396,1229,178777.56532808288,0.024463002792814176,1.2622875978739896,6.053591213966212,0.8599195156803365
Germany,Unified Rental Solutions,False,2023-01-31,22283.933147333326,19356.570095000185,909206,23001,1212,164603.76144118764,0.025297897286203568,0.8415534148515362,8.503766970766423,0.8686334664092522
Germany,Unified Rental Solutions,False,2023-02-28,25254.125746031117,21415.369143844822,935804,19767,876,158161.5334838597,0.021123012938606803,1.0833899501110347,7.385421769828249,0.8479948725689075
Germany,Unified Rental Solutions,False,2023-03-31,24847.299213800194,22252.054337698497,1032973,26245,1302,192098.7998968955,0.02540724684962724,0.8478588050180415,8.6328568581396,0.895552234720935
Germany,Unified Rental Solutions,False,2023-04-30,18073.057841030506,16116.27874711905,1011438,23933,1033,150892.105547108,0.023662350040239737,0.6733914990648497,9.362713807247935,0.8917294953005095
Germany,Unified Rental Solutions,False,2023-05-31,20233.908879710903,18020.63023485746,969359,24324,1218,184635.56111502158,0.025092870649573586,0.7408580099842732,10.245788227643638,0.890615369575339
Germany,Unified Rental Solutions,False,2023-06-30,23300.141739180013,20321.20680458215,1056655,27055,1381,190211.39942965342,0.025604383644614374,0.7511072557598282,9.360241311395118,0.8721494929969169
Germany,Unified Rental Solutions,False,2023-07-31,26875.769577302144,24085.274111783536,1048615,28966,1558,226594.27861112545,0.02762310285471789,0.8315015574046654,9.408000820728295,0.8961705837858012
Germany,Unified Rental Solutions,False,2023-08-31,24710.814911027446,21223.99530020008,986973,27318,1333,189926.2991927896,0.02767856871464569,0.7769234680503727,8.948659124090511,0.8588949970536448
Germany,Unified Rental Solutions,False,2023-09-30,26096.41191640798,23923.103468501933,955652,24352,1201,194672.05924054206,0.02548207925060587,0.9823876260061569,8.137408237892492,0.9167200282219798
Germany,Unified Rental Solutions,False,2023-10-31,24114.03135029867,22645.791828607686,963452,22821,921,116994.58174854424,0.02368670156894168,0.9923225024585989,5.166283547689811,0.9391126477210623
Germany,Unified Rental Solutions,False,2023-11-30,25577.490577008582,23146.45004252824,979836,24102,1001,167677.7494765144,0.02459799395000796,0.9603539143028893,7.244210199336439,0.9049539075320552
Germany,Unified Rental Solutions,False,2023-12-31,22632.601354983246,20396.795960525153,835407,19962,1032,168152.8602637522,0.02389493983172274,1.0217811822725755,8.244082089617706,0.9012130616631122
Germany,Unified Rental Solutions,False,2024-01-31,27805.67411064417,26072.103741632924,870941,22839,1068,181485.6432946624,0.026223360709852907,1.141560652464334,6.960912901127317,0.9376540787282109
Germany,Unified Rental Solutions,False,2024-02-29,25220.269216556255,23439.90519645825,855440,21193,1109,162887.70329844003,0.024774385111755354,1.1060211011399166,6.949162205786235,0.9294074141393679
Germany,Unified Rental Solutions,False,2024-03-31,25120.015421802414,21788.637683215133,1063820,24773,1181,208167.8167841641,0.023286834238875,0.8795316547537695,9.553962015005926,0.8673815408689646
Germany,Unified Rental Solutions,False,2024-04-30,24437.762710232826,22673.434703351835,1024927,25817,1187,168964.5928063029,0.025189111029370874,0.8782366155382824,7.452095150865022,0.9278032106375182
Germany,Unified Rental Solutions,False,2024-05-31,25936.3245378968,23919.49428748643,923027,23356,1195,158881.3795849108,0.025303701841874613,1.0241263181831832,6.642338574358162,0.922239165095907
Germany,Unified Rental Solutions,False,2024-06-30,22777.113439797417,21367.8737789551,965217,22279,1188,167067.9795727294,0.02308185620435612,0.9591038098188923,7.8186524921011165,0.9381291371899648
Germany,Unified Rental Solutions,False,2024-07-31,25201.29516509292,23169.288749471896,1044636,26605,1518,218690.3622125891,0.025468201363920064,0.8708621969356097,9.438803434031774,0.9193689688442831
Germany,Unified Rental Solutions,False,2024-08-31,26034.292621913464,23303.993029904206,870782,20284,1064,166529.31269889613,0.023294004699224376,1.1488854777117041,7.145956166619256,0.895126799423345
Germany,Unified Rental Solutions,False,2024-09-30,20733.567537301966,18734.584345358653,928286,23026,1161,166745.12748254093,0.024804855400167622,0.8136273927455334,8.900391084676011,0.9035871087623043
Germany,Unified Rental Solutions,False,2024-10-31,23637.52171731185,20646.5921627265,1072404,23435,1137,170009.3664951805,0.02185277190312606,0.8810152405686581,8.234257990628599,0.8734668722738888
Germany,Unified Rental Solutions,False,2024-11-30,23836.576775858048,20289.390391852972,1025522,22724,1227,171620.03349002177,0.022158471490616487,0.8928617493334348,8.458609656351937,0.8511872565695883
Germany,Unified Rental Solutions,False,2024-12-31,28149.714621198043,25115.923506044084,962696,23052,1254,232205.3987140153,0.02394525374573074,1.0895333813137291,9.245345832421238,0.8922265765042828
Netherlands,EVAGO Construction Safety,False,2023-01-31,25342.916962151736,21204.3687443298,946605,22307,933,137851.97021306644,0.023565267455802577,0.950570168302766,6.501111722551469,0.8366980318799674
Netherlands,EVAGO Construction Safety,False,2023-02-28,17600.776919784344,15751.62082604496,804764,20526,1011,125161.25011627727,0.025505614068223728,0.7673984617580123,7.945928326901184,0.8949389505834359
Netherlands,EVAGO Construction Safety,False,2023-03-31,24550.190991549774,22865.62026786575,994040,24705,1122,159218.58954803305,0.0248531246227516,0.9255462565418235,6.963230722929097,0.9313825817378016
Netherlands,EVAGO Construction Safety,False,2023-04-30,20710.8952704864,17665.006509028874,890119,21193,1057,137916.8334066015,0.023809176076457193,0.8335302462619202,7.80734687734816,0.8529330228520831
Netherlands,EVAGO Construction Safety,False,2023-05-31,22327.712950152018,19896.863140373356,1027539,27075,1424,224469.15622228326,0.02634936484162645,0.7348795250368737,11.281635433617964,0.8911285801996075
Netherlands,EVAGO Construction Safety,False,2023-06-30,23557.213772586765,21413.1825777762,1064210,24859,1343,204011.55004493098,0.023359111453566495,0.8613855174293494,9.527381056222142,0.9089862147744506
Netherlands,EVAGO Construction Safety,False,2023-07-31,24871.04754367103,22005.623102984177,968421,21985,1019,148922.82160981913,0.02270190340771214,1.0009380533538401,6.7674894236293515,0.8847887514325459
Netherlands,EVAGO Construction Safety,False,2023-08-31,24354.1950081892,22054.393466394467,1141286,28502,1420,212758.17005584072,0.02497358243244901,0.7737840666056581,9.646974439810934,0.905568566687529
Netherlands,EVAGO Construction Safety,False,2023-09-30,26633.93855154272,23526.15552437609,977184,23025,1247,159819.3454048669,0.023562604381569898,1.0217657122421755,6.79326230073051,0.8833149283891165
Netherlands,EVAGO Construction Safety,False,2023-10-31,22266.247921675924,19468.864508654908,1043871,25890,1265,212777.91836448555,0.02480191517917444,0.7519839516668563,10.929138587917896,0.8743666457473602
Netherlands,EVAGO Construction Safety,False,2023-11-30,19610.496153497028,17219.124117307172,958728,24863,1259,169926.46793359233,0.025933319982309893,0.6925601945584673,9.868473377388398,0.8780565255732494
Netherlands,EVAGO Construction Safety,False,2023-12-31,26045.178943484185,23763.52153265611,1174370,28872,1322,207297.11333569651,0.024585096690140244,0.8230646139046864,8.723333073796592,0.9123961706779179
Netherlands,EVAGO Construction Safety,False,2024-01-31,25803.983792544015,23910.13606076231,997974,25647,1152,165632.70255795532,0.0256990663083407,0.932278085575791,6.927300712009188,0.9266063819056913
Netherlands,EVAGO Construction Safety,False,2024-02-29,23586.028522868386,21918.278993055847,892650,18836,938,170348.85219217313,0.02110121548199182,1.1636376615553115,7.771999446039677,0.9292907863570362
Netherlands,EVAGO Construction Safety,False,2024-03-31,28565.630868786182,25899.140714813067,982405,23996,1132,176768.96312702756,0.0244257714486388,1.0793107482419182,6.8252829340366565,0.9066539028589492
Netherlands,EVAGO Construction Safety,False,2024-04-30,23619.80340632589,21319.69538360144,993082,23198,994,144875.24550275333,0.023359601724731695,0.9190316140874834,6.795371270369446,0.9026195102831198
Netherlands,EVAGO Construction Safety,False,2024-05-31,24254.995159118054,21357.488320454235,922469,26537,1272,214681.61716584043,0.028767362372068873,0.8048192455987577,10.051819481050034,0.8805397890349784
Netherlands,EVAGO Construction Safety,False,2024-06-30,24772.02418753658,21223.8730700008,858627,21934,1146,178412.66605247548,0.025545434746403268,0.967624376310787,8.406225643360802,0.8567678163611296
Netherlands,EVAGO Construction Safety,False,2024-07-31,23701.53673126847,21651.321393339986,1007209,25236,1252,194479.57897759826,0.025055375795887447,0.8579537721247419,8.982342252672892,0.9134986325496895
Netherlands,EVAGO Construction Safety,False,2024-08-31,24806.91634929165,21501.27583302008,1062399,27944,1170,164542.8603002713,0.026302735601219505,0.7694415915051561,7.65270217349514,0.8667452064687613
Netherlands,EVAGO Construction Safety,False,2024-09-30,25436.54442284211,21514.62851641817,1019116,25365,1227,170667.29290461313,0.024889217714175814,0.8482014002136082,7.932616302176636,0.8458156956688644
Netherlands,EVAGO Construction Safety,False,2024-10-31,26670.22780320643,23266.790173169902,937743,25653,1379,214153.53389553473,0.027356109296470355,0.9069812565068375,9.20425775543744,0.8723881304970574
Netherlands,EVAGO Construction Safety,False,2024-11-30,21385.32758803648,19400.64438155229,1031670,22767,995,150613.15220985224,0.0220681031725261,0.852138814141182,7.763306684445361,0.9071941639278663
Netherlands,EVAGO Construction Safety,False,2024-12-31,26533.458774585048,24078.22123199612,955256,24720,1106,158207.14327161366,0.025877879856289834,0.9740380757279985,6.570549449947804,0.9074663592316632
Netherlands,EVAGO Corporate Events,False,2023-01-31,24912.991612401507,21451.48940402511,1196854,31811,1598,244629.39904315636,0.026578847545314633,0.6743418755784197,11.403842149872103,0.8610563411158824
Netherlands,EVAGO Corporate Events,False,2023-02-28,18816.748126374277,16514.426223934555,1023627,27108,1150,147260.87737622907,0.026482302635628018,0.6092085813757767,8.917105285971251,0.8776450698613169
Netherlands,EVAGO Corporate Events,False,2023-03-31,24084.9351730151,21826.339555139824,885889,24188,1067,154022.10015140483,0.027303646393622677,0.9023623100355476,7.056707780170798,0.9062237202778184
Netherlands,EVAGO Corporate Events,False,2023-04-30,25866.41647104518,23011.625050288592,901627,19304,998,157229.51718928333,0.021410184033974138,1.1920651186432134,6.832612509793675,0.8896332847670555
Netherlands,EVAGO Corporate Events,False,2023-05-31,29315.398500294763,26127.20496863091,972046,22345,1164,195616.40442469442,0.022987595237262435,1.169264039768669,7.487077345608045,0.8912450897902072
Netherlands,EVAGO Corporate Events,False,2023-06-30,26002.360254134703,23496.034885504763,1074134,26124,1364,185730.17664525885,0.02432098788419322,0.8994041833373435,7.90474552622664,0.903611620478514
Netherlands,EVAGO Corporate Events,False,2023-07-31,22887.68155756435,21322.967670013495,1111847,24664,1281,174725.86939850127,0.022182908259859496,0.8645380988490713,8.194256639249065,0.9316351075745495
Netherlands,EVAGO Corporate Events,False,2023-08-31,20249.367348640728,18167.910414385136,1040825,25332,1178,174462.9241198264,0.024338385415415657,0.7171921054154877,9.602806274390737,0.8972087918393503
Netherlands,EVAGO Corporate Events,False,2023-09-30,24768.170625314735,22265.809297741984,1024903,27479,1378,227697.2600344988,0.026811317753972816,0.8102845553965567,10.226318612078924,0.8989686656544925
Netherlands,EVAGO Corporate Events,False,2023-10-31,23260.60137122208,22070.16714338042,1007490,22311,1042,145761.07738327773,0.022145132954173242,0.9892056449007404,6.6044392159031,0.9488218636808564
Netherlands,EVAGO Corporate Events,False,2023-11-30,26222.229536160274,23919.435954725013,948728,25236,1272,199699.7617259801,0.02659982629373224,0.9478299237091858,8.348849116006503,0.9121816252023984
Netherlands,EVAGO Corporate Events,False,2023-12-31,24045.26739025027,21321.21774568019,1061322,20792,991,151206.78401666522,0.019590661458068332,1.0254529504463348,7.091845588758674,0.8867116093841149
Netherlands,EVAGO Corporate Events,False,2024-01-31,24463.94240008615,21712.62685843096,957341,23242,1254,185119.34374751573,0.024277660729040123,0.9341978684463884,8.525884267920091,0.8875358886699511
Netherlands,EVAGO Corporate Events,False,2024-02-29,21482.402202603873,18527.396509919876,911076,20876,1164,167562.04399635512,0.022913565937419052,0.8874974377236959,9.044014570889095,0.8624452859221757
Netherlands,EVAGO Corporate Events,False,2024-03-31,25513.90705804617,22792.427057284094,1107686,24904,1329,198721.66128353373,0.022482905805435837,0.9152114944299748,8.718758242993937,0.8933334673293866
Netherlands,EVAGO Corporate Events,False,2024-04-30,24743.257201116758,22538.967895329548,915026,21656,986,156253.24639961094,0.02366708705544979,1.0407724369841866,6.932582145076361,0.9109135354383447
Netherlands,EVAGO Corporate Events,False,2024-05-31,22471.83549491708,20289.11533417328,859812,21863,1071,152098.0615089915,0.02542765162616944,0.9280114958685121,7.496534915586502,0.9028686303245006
Netherlands,EVAGO Corporate Events,False,2024-06-30,24310.074850624584,22428.42117686488,1069511,22981,1147,204917.31782826784,0.021487390031519078,0.9759549704914877,9.13650212880976,0.9225977836217415
Netherlands,EVAGO Corporate Events,False,2024-07-31,22858.670075737522,20193.249209757036,1112851,25818,1288,212086.36418011942,0.023199871321497666,0.7821383999441102,10.502834980991711,0.8833956281293198
Netherlands,EVAGO Corporate Events,False,2024-08-31,27930.10236446404,24964.331992356627,917082,23054,1183,175771.38715379869,0.02513842818853712,1.0828633639436378,7.040900882411551,0.8938145541535567
Netherlands,EVAGO Corporate Events,False,2024-09-30,24071.713439192783,21311.121948131666,894362,22922,1233,167882.94681117477,0.02562944311140232,0.929723494814225,7.8777150832217435,0.8853180311391373
Netherlands,EVAGO Corporate Events,False,2024-10-31,20817.21405825003,18661.705982037052,1006195,24000,1154,165281.79522194027,0.02385223540168655,0.7775710825848772,8.856735572890996,0.8964554973503416
Netherlands,EVAGO Corporate Events,False,2024-11-30,26775.09246921739,24280.302227366996,868910,21924,1174,215031.17694496288,0.02523161201965681,1.1074759271741925,8.85619853210045,0.9068242156504749
Netherlands,EVAGO Corporate Events,False,2024-12-31,24136.269626139783,21673.226183571005,956560,22847,1159,148282.2055939641,0.02388454461821527,0.9486245976964592,6.841722793737406,0.8979526049087022
Netherlands,EVAGO Crowd Control,False,2023-01-31,26318.0228363739,23781.362184713544,1170656,29974,1518,236648.37975453294,0.02560444742093322,0.7933996858848851,9.951001877707766,0.9036150752117115
Netherlands,EVAGO Crowd Control,False,2023-02-28,20518.70769842931,18531.57976961394,812129,22582,1022,171909.15295786114,0.027805927383457555,0.8206350088395156,9.2765514378725,0.9031553079257774
Netherlands,EVAGO Crowd Control,False,2023-03-31,22881.768063106145,20771.104939284593,1015680,25181,1156,190283.9941870022,0.024792257403906743,0.8248721233979823,9.160995274118337,0.9077578656509188
Netherlands,EVAGO Crowd Control,False,2023-04-30,25332.551841372122,23405.016491833325,1070067,24745,1034,161246.201441137,0.02312472022779882,0.9458483124604293,6.889386362850903,0.9239107310779949
Netherlands,EVAGO Crowd Control,False,2023-05-31,27993.75916770029,24759.44655092421,857532,21595,1055,139648.66607352672,0.025182733705564342,1.1465360755232328,5.640217594779556,0.8844630834536904
Netherlands,EVAGO Crowd Control,False,2023-06-30,23063.388912383067,20699.9088447401,928560,25721,1279,225808.4126874678,0.02769987938313087,0.8047863164239377,10.908667008205027,0.8975224293089912
Netherlands,EVAGO Crowd Control,False,2023-07-31,25452.89023949227,23818.252806310233,1099202,25111,1059,157321.70503932587,0.022844754649281932,0.9485186892720414,6.605090067632761,0.9357779247149794
Netherlands,EVAGO Crowd Control,False,2023-08-31,28130.565348887834,25741.188788703785,910377,24771,1274,194114.3325892962,0.027209606569586008,1.0391663149934918,7.5410010851744715,0.9150611965827941
Netherlands,EVAGO Crowd Control,False,2023-09-30,23489.827851973158,21040.06979807225,962220,26236,1398,201516.84974208527,0.02726611377855376,0.8019541773925999,9.577765267705946,0.8957098336633775
Netherlands,EVAGO Crowd Control,False,2023-10-31,25502.322085779946,24446.625132494057,1052788,25877,1270,213181.56884256526,0.02457949748667348,0.944724084418366,8.720286243486745,0.9586038890993952
Netherlands,EVAGO Crowd Control,False,2023-11-30,23887.637689711268,21802.706223182202,839151,20085,918,137107.47611982058,0.023934905636768592,1.085521843324979,6.2885531142935855,0.9127192276770393
Netherlands,EVAGO Crowd Control,False,2023-12-31,21568.409206850072,19552.42671032918,1053360,26420,1486,201817.9441695299,0.025081643502696135,0.740061571170673,10.321887260311952,0.9065307748389425
Netherlands,EVAGO Crowd Control,False,2024-01-31,25173.100374950922,23355.944293258883,1033924,26643,1413,229175.3349024098,0.025768818597885337,0.8766259164981002,9.812291553056822,0.9278135766105218
Netherlands,EVAGO Crowd Control,False,2024-02-29,25756.057685830514,23173.525675309233,969050,24976,1194,178693.17462503596,0.02577369588772509,0.9278317454880378,7.711091403559223,0.8997310829932625
Netherlands,EVAGO Crowd Control,False,2024-03-31,28082.60993294647,23813.062434442083,871141,21502,1126,191942.7684020123,0.02468257147809597,1.1074812777621654,8.06039831837821,0.8479647187815204
Netherlands,EVAGO Crowd Control,False,2024-04-30,24066.78098361454,22333.373820927547,1005955,21608,1073,168044.3646145734,0.02148008608734983,1.0335696881214156,7.5243608942374385,0.9279751137525557
Netherlands,EVAGO Crowd Control,False,2024-05-31,25043.07422143598,23061.40966317416,1008920,25720,1125,181267.80128245885,0.02549260595488245,0.8966333461576267,7.860222073584605,0.9208697566145618
Netherlands,EVAGO Crowd Control,False,2024-06-30,26585.64138620451,24052.12390101613,1129534,28605,1330,175787.59372424314,0.025324602889333123,0.8408363538198262,7.308610019126696,0.9047035409684326
Netherlands,EVAGO Crowd Control,False,2024-07-31,23935.132148224584,20466.68001708196,1122368,28303,1326,192476.6120373403,0.02521721930774933,0.7231275842519153,9.404388590464839,0.8550894931490945
Netherlands,EVAGO Crowd Control,False,2024-08-31,22098.3290621092,19504.800447257796,1089850,30756,1797,258462.27060424694,0.028220397302381062,0.6341787113817725,13.251213274554905,0.8826368904380927
Netherlands,EVAGO Crowd Control,False,2024-09-30,26334.06496884325,24413.719018959724,1067596,25073,1200,204767.44877023477,0.023485475779227348,0.9737055405798957,8.387392703717616,0.9270774963092271
Netherlands,EVAGO Crowd Control,False,2024-10-31,24839.193384015638,21481.869368447722,1083513,29200,1543,264329.4562348829,0.026949376703371348,0.7356804578235522,12.304769743322543,0.8648376393040041
Netherlands,EVAGO Crowd Control,False,2024-11-30,26111.505966951387,23471.09463495205,963368,21740,1138,174942.89615493035,0.022566661960953655,1.0796271681210694,7.453546537808834,0.8988793930407065
Netherlands,EVAGO Crowd Control,False,2024-12-31,27947.708635101477,24650.885860686656,952263,25753,1147,158008.24562372421,0.027043999399325606,0.957204436791312,6.409840462395572,0.8820360260134489
Netherlands,EVAGO Event Infrastructure,False,2023-01-31,26754.019437517927,24751.310455070186,1088872,29864,1486,225434.2315704529,0.02742654784033385,0.8288009126396393,9.107971554866655,0.925143622358318
Netherlands,EVAGO Event Infrastructure,False,2023-02-28,22739.46897352938,20139.854304617027,709694,15385,691,107179.23042968857,0.021678357151110196,1.3090578033550229,5.321748052820715,0.8856783035725891
Netherlands,EVAGO Event Infrastructure,False,2023-03-31,27224.040938664373,25800.593047431368,867706,22188,1134,157022.5293615628,0.025570873083740345,1.162817425970406,6.08600465395874,0.947713570720819
Netherlands,EVAGO Event Infrastructure,False,2023-04-30,21948.701931331543,18512.356242639366,953564,21713,1174,179375.1359198918,0.022770364653028008,0.8525932041928507,9.689481639659594,0.843437406939003
Netherlands,EVAGO Event Infrastructure,False,2023-05-31,24640.776509000403,22446.456217211395,1021879,26421,1450,223459.06506297574,0.02585531163670063,0.849568760350153,9.955204639012585,0.9109475997646624
Netherlands,EVAGO Event Infrastructure,False,2023-06-30,24792.426239334767,22342.788210886436,849313,19605,969,165133.3486272758,0.023083362670770376,1.1396474476351153,7.3909015772174405,0.9011940983588841
Netherlands,EVAGO Event Infrastructure,False,2023-07-31,23057.955141637158,20398.067550271448,1101040,28711,1388,231509.70428262206,0.026076255176923635,0.7104617585688916,11.349590038961374,0.8846433877146985
Netherlands,EVAGO Event Infrastructure,False,2023-08-31,23735.317691163866,21906.919848946134,1027242,27751,1406,209607.53408252046,0.02701505584857317,0.7894101059041524,9.568096999843817,0.9229672058319066
Netherlands,EVAGO Event Infrastructure,False,2023-09-30,20727.631752291076,18758.301520219455,952294,22441,1032,157230.2192277529,0.023565201502897214,0.8358941901082596,8.381900624546175,0.9049900994186687
Netherlands,EVAGO Event Infrastructure,False,2023-10-31,23152.756150014957,20961.95196826805,1108190,29415,1636,254801.1955790026,0.026543282289138145,0.7126279778435509,12.155413578120854,0.9053760957204445
Netherlands,EVAGO Event Infrastructure,False,2023-11-30,25870.05296624164,22607.67063846924,1029619,21237,1039,167550.32951782132,0.020626076247621694,1.0645416319851788,7.411215962812085,0.8738934809283325
Netherlands,EVAGO Event Infrastructure,False,2023-12-31,26822.849731245147,24195.173016284025,1100229,26480,1477,228972.22564906,0.024067716811681933,0.9137149930620855,9.463549836777581,0.9020358857731579
Netherlands,EVAGO Event Infrastructure,False,2024-01-31,22920.818188131474,20577.251907040154,936909,22961,1037,157724.3753797199,0.024507182661283006,0.8961827406053811,7.6649873409848865,0.8977538121957256
Netherlands,EVAGO Event Infrastructure,False,2024-02-29,24296.705182035807,22508.08639684082,937298,21281,1027,161210.5553530792,0.022704625423291207,1.0576611247986851,7.162339459284567,0.9263843071809822
Netherlands,EVAGO Event Infrastructure,False,2024-03-31,23891.048465818993,21516.714940821377,964614,23691,1161,164403.28242207426,0.024560083100597752,0.9082231624170097,7.640724100971816,0.9006182784989707
Netherlands,EVAGO Event Infrastructure,False,2024-04-30,27137.48780614449,25176.57065191541,845236,20020,1088,152365.06311604916,0.023685692516646237,1.2575709616341362,6.051859295001219,0.9277413897617638
Netherlands,EVAGO Event Infrastructure,False,2024-05-31,25822.242641837045,22728.523443497405,1012794,24939,1193,183667.96714342476,0.02462396104242324,0.9113646675286661,8.080945847627065,0.88019169205206
Netherlands,EVAGO Event Infrastructure,False,2024-06-30,22693.608324460925,20751.379632950753,1005367,25529,1231,201334.53896378027,0.025392717286324296,0.8128551699224706,9.702224262915255,0.9144151664318324
Netherlands,EVAGO Event Infrastructure,False,2024-07-31,25150.452329626358,21311.46078179108,1027696,25104,1271,175333.36963330497,0.02442745714686055,0.848926895386834,8.227186837568317,0.8473589461723884
Netherlands,EVAGO Event Infrastructure,False,2024-08-31,22880.09928264391,20282.85437572035,1058244,28160,1264,183836.78710909418,0.026610120161323855,0.7202718173196148,9.063654636753519,0.8864845438457628
Netherlands,EVAGO Event Infrastructure,False,2024-09-30,23264.54809643029,20460.998009543127,890553,20876,1146,184516.00830183018,0.023441614367701865,0.9801206174335662,9.01793784524933,0.8794926050028309
Netherlands,EVAGO Event Infrastructure,False,2024-10-31,23578.912038725557,21654.056677843197,1060990,25714,1185,184296.97798838775,0.02423585519184912,0.8421115609334681,8.510967747533588,0.9183653869304481
Netherlands,EVAGO Event Infrastructure,False,2024-11-30,21216.24514128635,18430.878576519157,923214,22890,1018,140964.48894952232,0.024793818118009476,0.8051934721065599,7.648278315343596,0.8687153854879378
Netherlands,EVAGO Event Infrastructure,False,2024-12-31,26471.389276676884,23982.791023480822,969940,24488,1118,151454.48212856465,0.025246922490050932,0.9793691205276389,6.31513162835302,0.9059891331283966
Netherlands,EVAGO Festival Equipment,False,2023-01-31,24519.423098735668,21662.665640908475,884356,22855,1070,179215.65997910197,0.025843664768486898,0.9478304808973299,8.27301971741951,0.8834900215097434
Netherlands,EVAGO Festival Equipment,False,2023-02-28,19090.25998812139,17533.941948648462,728428,19297,933,145640.75485484287,0.026491293580147936,0.9086356401849232,8.306218606254086,0.9184758070114644
Netherlands,EVAGO Festival Equipment,False,2023-03-31,26471.9225474894,23551.274587725282,981423,22358,1136,174697.7121353495,0.022781206472642274,1.0533712580608856,7.41776040547718,0.8896699718532112
Netherlands,EVAGO Festival Equipment,False,2023-04-30,27496.27393988865,25474.115846193803,1072362,28246,1271,189405.99190631678,0.02633998593758451,0.9018663119094316,7.435233201022627,0.9264570138442897
Netherlands,EVAGO Festival Equipment,False,2023-05-31,25644.088293074,23052.591725695405,1106537,26403,1318,203928.00720682202,0.02386092828346454,0.8731050155548765,8.846207386717179,0.8989437043827949
Netherlands,EVAGO Festival Equipment,False,2023-06-30,21811.231505762808,20212.03740582159,1149156,27945,1301,197398.87053431437,0.024317847185238557,0.7232792057907171,9.766401405800803,0.926680247306591
Netherlands,EVAGO Festival Equipment,False,2023-07-31,24473.690168883233,22139.45014886545,1059770,27791,1133,136391.84762279844,0.026223614557875766,0.7966410042411374,6.160579721072609,0.9046224740155604
Netherlands,EVAGO Festival Equipment,False,2023-08-31,27108.140213522212,24166.6076065879,993788,25244,1399,228436.11496622706,0.025401795956481663,0.9573208527407661,9.452551995918311,0.891488955577004
Netherlands,EVAGO Festival Equipment,False,2023-09-30,22944.508861855396,21179.657639181154,878699,22488,1224,171543.0729378936,0.025592381463959785,0.9418204215217518,8.099426150333457,0.9230817607254057
Netherlands,EVAGO Festival Equipment,False,2023-10-31,22422.590967212524,20219.641330622464,1085379,25486,1246,191452.55953620028,0.023481198733345678,0.7933626826737215,9.468642712581014,0.901753118548551
Netherlands,EVAGO Festival Equipment,False,2023-11-30,24980.50869312677,21862.483831593127,1018418,25641,1216,160855.83643721987,0.025177284769122305,0.852637722069854,7.357619457893877,0.8751816906598244
Netherlands,EVAGO Festival Equipment,False,2023-12-31,26583.701741880483,23355.68376018331,1131486,31036,1621,264182.2133957822,0.027429415830156095,0.7525352416607588,11.311260081632,0.8785715393198349
Netherlands,EVAGO Festival Equipment,False,2024-01-31,26309.352002934298,24511.156468494995,1033701,25849,1286,176672.7944102365,0.02500626390029612,0.9482438960306007,7.207852254434421,0.9316518501011066
Netherlands,EVAGO Festival Equipment,False,2024-02-29,23343.047307445995,21343.99718800964,963598,21630,997,137476.10604156498,0.02244712006459125,0.9867774936666499,6.440972833279541,0.9143620756490222
Netherlands,EVAGO Festival Equipment,False,2024-03-31,26285.32687246776,23220.06323062383,1079491,30018,1255,176238.4151776908,0.02780755003978727,0.773537984896523,7.589919692606969,0.8833849905418296
Netherlands,EVAGO Festival Equipment,False,2024-04-30,28164.25391264979,24897.181590322598,1066120,25829,1457,185169.89087797434,0.024227103890744006,0.9639235584158349,7.437383633412904,0.8839993300564654
Netherlands,EVAGO Festival Equipment,False,2024-05-31,25085.412754879177,23305.12636586265,939402,23237,1038,149856.16638111373,0.024735949039921143,1.0029318055627943,6.430180383000328,0.9290310107147726
Netherlands,EVAGO Festival Equipment,False,2024-06-30,23901.705168701046,22272.484273083195,895177,22174,1078,158790.22089837928,0.024770520243482575,1.004441430192261,7.129434640134908,0.9318366248717981
Netherlands,EVAGO Festival Equipment,False,2024-07-31,20200.048333075356,19131.15545109931,1136160,28524,1389,211256.37926868716,0.025105618926911703,0.6707038091116011,11.042531111551238,0.9470846374052555
Netherlands,EVAGO Festival Equipment,False,2024-08-31,25248.066443071024,22156.867981437852,825510,24039,1216,184263.00246678118,0.029120180252207726,0.9217050618344296,8.316292836205434,0.8775669230511904
Netherlands,EVAGO Festival Equipment,False,2024-09-30,25914.108952296046,23375.134094297453,949295,23025,1003,146726.3164051365,0.024254841750983625,1.015206692477631,6.277025655263793,0.9020234551505335
Netherlands,EVAGO Festival Equipment,False,2024-10-31,23656.804092873044,20958.83542434269,982608,23476,1277,173008.91416531146,0.02389152133913015,0.8927771095732957,8.254700734200615,0.8859537975654473
Netherlands,EVAGO Festival Equipment,False,2024-11-30,26208.151265056378,23458.424422798787,946643,23060,1273,195736.31213704,0.024359763923675556,1.0172777286556283,8.343966696536008,0.8950812358167426
Netherlands,EVAGO Festival Equipment,False,2024-12-31,27846.172774453218,25197.395126377993,1098402,27395,1298,196957.0427073553,0.024940777602371445,0.9197808040291291,7.816563645548029,0.90487821541834
Netherlands,EVAGO Sports Events,False,2023-01-31,22017.478902248,20130.809471105873,940134,24590,1324,198737.86018412185,0.02615584586878041,0.8186583762141469,9.872323339474947,0.9143103786079024
Netherlands,EVAGO Sports Events,False,2023-02-28,23222.08413580653,22246.056301644447,769291,20043,950,156426.68599009077,0.02605385998276335,1.1099164946187918,7.031659179003677,0.9579698433416177
Netherlands,EVAGO Sports Events,False,2023-03-31,22295.520280358505,19652.97855767416,1027698,23473,1095,169202.73684157408,0.022840367500958452,0.8372589169545503,8.609521266459797,0.8814765616834551
Netherlands,EVAGO Sports Events,False,2023-04-30,23700.63453392992,20747.081467069445,938439,22959,1204,171512.9201114246,0.024465095760086698,0.90365788871769,8.266845646875991,0.875380844228784
Netherlands,EVAGO Sports Events,False,2023-05-31,24413.39285951761,21396.20632920474,922628,24723,1139,162998.494402075,0.026796281925109577,0.8654372984348476,7.618102568939538,0.8764126499059464
Netherlands,EVAGO Sports Events,False,2023-06-30,26787.109661293624,23693.646284392988,967859,25726,1173,184971.54083905593,0.02658031800086583,0.9210000110546913,7.806799283607806,0.8845167165843736
Netherlands,EVAGO Sports Events,False,2023-07-31,24141.380131365175,21809.409085229472,918286,26096,1372,175824.12465833357,0.028418161662053,0.8357376258901545,8.061847250020694,0.9034035737208769
Netherlands,EVAGO Sports Events,False,2023-08-31,26755.384258686012,24399.006239677252,1001449,25554,1405,224475.80152751267,0.025517025829572947,0.9548018407950712,9.200202636223516,0.9119288291199267
Netherlands,EVAGO Sports Events,False,2023-09-30,25093.53216869013,21843.28891729302,1028851,30156,1624,262158.5697202072,0.02931036661285259,0.7243430467334202,12.001790147666819,0.8704748606315166
Netherlands,EVAGO Sports Events,False,2023-10-31,21517.96137683058,19434.950299801043,1079655,28844,1500,238381.44449070698,0.026715941666550887,0.6737952537720512,12.265606076345218,0.9031966346369403
Netherlands,EVAGO Sports Events,False,2023-11-30,26827.80821968806,25667.55426924158,916072,24065,1142,185378.17370782277,0.026269769188448068,1.0665927392163548,7.22227648817981,0.9567518173327701
Netherlands,EVAGO Sports Events,False,2023-12-31,23166.54459143368,20842.008746428954,1046096,23071,1211,203064.68194920378,0.022054381242256924,0.9033855813111246,9.743047535377157,0.8996597945010637
Netherlands,EVAGO Sports Events,False,2024-01-31,25801.470654402678,23603.842039171785,845269,23191,1168,165610.79370496326,0.027436236275079295,1.0178018213605184,7.016264277236039,0.9148254514377498
Netherlands,EVAGO Sports Events,False,2024-02-29,20849.605276621674,19506.578370464427,982239,25275,1360,173106.88309969846,0.025732026523076358,0.771773624944191,8.874282296571575,0.9355850200356953
Netherlands,EVAGO Sports Events,False,2024-03-31,21678.21223322288,18533.9764281867,1034541,25250,1220,191925.1783984606,0.024406959221529162,0.7340188684430375,10.355315770585444,0.8549587128675911
Netherlands,EVAGO Sports Events,False,2024-04-30,24484.47496181193,21662.412815403033,904003,23958,1192,159624.26683457143,0.02650212443985252,0.9041828539695731,7.368720566578381,0.884740753035937
Netherlands,EVAGO Sports Events,False,2024-05-31,22053.019374312986,20059.483078297417,987336,24501,1218,188568.87889468073,0.024815260458445756,0.8187209941756425,9.400485454118982,0.9096025690551195
Netherlands,EVAGO Sports Events,False,2024-06-30,22267.304272143167,19665.49759627801,876943,19110,1044,154176.90367446697,0.02179161017306712,1.0290684247136583,7.839969617837041,0.8831557406290951
Netherlands,EVAGO Sports Events,False,2024-07-31,20307.876156192287,17932.27866965393,966533,24644,1179,197369.79874855911,0.025497318767181254,0.7276529244300409,11.006398148527552,0.8830208797676763
Netherlands,EVAGO Sports Events,False,2024-08-31,25131.773367985024,22273.79345513127,946493,24335,1198,187727.12890400595,0.025710702561984083,0.9152986831777796,8.428161520046725,0.8862802130591193
Netherlands,EVAGO Sports Events,False,2024-09-30,27341.669319595112,24704.49591185777,1080195,29200,1502,219872.30726677546,0.027032156231050875,0.8460443805430744,8.900092843474704,0.9035474616815974
Netherlands,EVAGO Sports Events,False,2024-10-31,21754.458297869554,19217.988111631268,968790,25438,1152,208829.39181843214,0.026257496464662106,0.7554834543451241,10.866350348715363,0.8834045807297033
Netherlands,EVAGO Sports Events,False,2024-11-30,25297.45855092481,23604.272946081743,1041064,23709,1230,171058.1978095724,0.02277381601899595,0.995582814377736,7.246916615492182,0.9330689443987183
Netherlands,EVAGO Sports Events,False,2024-12-31,30919.023027565156,27166.186795121997,865868,21140,938,144391.22107909157,0.024414806875874846,1.2850608701571427,5.315108158831429,0.8786237123631817
Netherlands,EVAGO-Mojo Brand Transition,True,2023-01-31,21286.81950179189,18568.88929558563,995550,27170,1482,200027.55973920005,0.027291446938878007,0.6834335405073844,10.772187638964084,0.87231863332249
Netherlands,EVAGO-Mojo Brand Transition,True,2023-02-28,23230.52178495521,20852.099579524325,793463,18863,1050,162531.9691267703,0.023773005168482967,1.1054498001126187,7.794513377749655,0.8976164966311164
Netherlands,EVAGO-Mojo Brand Transition,True,2023-03-31,26607.668486601473,24014.33504313361,1007818,24506,1103,160349.47356047668,0.024315898307035597,0.9799369559754187,6.677239793334406,0.9025343597927884
Netherlands,EVAGO-Mojo Brand Transition,True,2023-04-30,21858.094772304583,19866.894788200578,942228,22800,1048,158731.91979163833,0.02419796482380061,0.8713550345702008,7.989769990925456,0.9089033145456499
Netherlands,EVAGO-Mojo Brand Transition,True,2023-05-31,26961.491637613486,24071.065505857616,985758,23346,1151,164865.95648922827,0.023683297523327228,1.0310573762467925,6.849134137793305,0.8927942796857912
Netherlands,EVAGO-Mojo Brand Transition,True,2023-06-30,30504.47620381208,25459.794698555634,798167,19079,1063,172964.4664545719,0.023903518937766155,1.3344407305705557,6.793631625960613,0.8346248769672032
Netherlands,EVAGO-Mojo Brand Transition,True,2023-07-31,32804.57392166709,28569.335860704083,976014,24500,1310,175107.42176491878,0.025102098945302014,1.1660953412532278,6.129208694899053,0.8708948919417094
Netherlands,EVAGO-Mojo Brand Transition,True,2023-08-31,30031.25019074515,26161.379150908364,1186300,29830,1474,226976.17378430313,0.02514541009862598,0.877015727486033,8.676001845125285,0.8711385301891501
Netherlands,EVAGO-Mojo Brand Transition,True,2023-09-30,31811.316961755674,26419.182765489655,870305,21785,1002,135877.44665227382,0.025031454490092555,1.2127235604998694,5.143135874352828,0.8304963544027878
Netherlands,EVAGO-Mojo Brand Transition,True,2023-10-31,31128.01840206413,26882.024438097844,1125916,29799,1445,206289.60744599343,0.026466450427918245,0.9021116291854708,7.67388661226105,0.8635957512899461
Netherlands,EVAGO-Mojo Brand Transition,True,2023-11-30,37924.89137721458,32540.55148025697,949844,21850,1108,149982.58998314274,0.023003777462404354,1.4892700906296097,4.609097976539835,0.8580262275927693
Netherlands,EVAGO-Mojo Brand Transition,True,2023-12-31,27958.39461207632,22784.201288856115,1122230,27875,1497,213022.78911632625,0.02483893675984424,0.8173704498244346,9.349583354520176,0.8149323881069598
Netherlands,EVAGO-Mojo Brand Transition,True,2024-01-31,33407.1008539809,29066.940517905157,960086,20963,1008,135323.21230642736,0.02183450232583331,1.386583051944147,4.655571239878811,0.8700827002305244
Netherlands,EVAGO-Mojo Brand Transition,True,2024-02-29,29052.619811291417,24942.5666577185,887201,22832,1058,146386.60444299568,0.025734867296136953,1.0924389741467457,5.8689471076424375,0.8585307218326821
Netherlands,EVAGO-Mojo Brand Transition,True,2024-03-31,25533.944876782065,22091.785511061382,952974,24035,1097,154207.90707094353,0.025221044855368562,0.9191506349515866,6.980327913908609,0.8651928097154065
Netherlands,EVAGO-Mojo Brand Transition,True,2024-04-30,34116.860601386645,28918.48260783861,805826,19803,914,150669.44170947457,0.02457478413454021,1.4603081658253099,5.210143414254878,0.847630236137942
Netherlands,EVAGO-Mojo Brand Transition,True,2024-05-31,29892.11481640739,24945.848170020352,997009,26064,1398,201872.91840342598,0.026142191294160837,0.9570997609737704,8.09244556559254,0.8345293841949216
Netherlands,EVAGO-Mojo Brand Transition,True,2024-06-30,32583.637543237615,27196.87099060767,1040260,27140,1375,188264.89228854928,0.02608963143829427,1.0020954675979243,6.922299714315144,0.8346787848507752
Netherlands,EVAGO-Mojo Brand Transition,True,2024-07-31,24610.545605648393,22073.476026385502,947225,24390,1271,183800.9639102963,0.02574889809707303,0.9050215672974786,8.32677932966199,0.8969112826706043
Netherlands,EVAGO-Mojo Brand Transition,True,2024-08-31,34646.693279937805,29663.68530690591,1025719,22130,988,148621.82148343854,0.021575109752281083,1.3404286175736968,5.010227823878592,0.856176520721032
Netherlands,EVAGO-Mojo Brand Transition,True,2024-09-30,36160.22259502624,31467.909900038783,954157,22713,1161,176663.07055326673,0.02380425862829702,1.3854581032905728,5.614070687073151,0.8702355141023698
Netherlands,EVAGO-Mojo Brand Transition,True,2024-10-31,30564.373802703572,26001.118807223047,880655,21384,931,141088.79850147187,0.024281926520601144,1.2159146468024247,5.42625875246098,0.8507001967409231
Netherlands,EVAGO-Mojo Brand Transition,True,2024-11-30,28884.788598682986,23964.479812851783,981817,21825,978,145779.6686034721,0.022229193424029122,1.0980288574044346,6.083155976759099,0.8296574417008007
Netherlands,EVAGO-Mojo Brand Transition,True,2024-12-31,34783.88795495579,29828.498763695465,963732,25781,1104,163856.57499861665,0.02675121299282373,1.1569954138200793,5.4932893638632585,0.8575378003264781
Netherlands,EVAGO-Mojo Partnership,True,2023-01-31,25768.62426837404,23162.89897855777,1059695,28512,1662,215129.2952454558,0.026905854986576327,0.8123912380246131,9.287667119931927,0.8988799222388333
Netherlands,EVAGO-Mojo Partnership,True,2023-02-28,23124.339118959415,20788.659060540504,940590,25953,971,148378.83540976862,0.02759225592447294,0.8010117928771434,7.1374894829753766,0.8989947325022616
Netherlands,EVAGO-Mojo Partnership,True,2023-03-31,23473.311123098967,20461.286224413467,995996,23873,1006,144104.0260910004,0.023968971762938808,0.8570890220924671,7.042764785679119,0.8716829984960447
Netherlands,EVAGO-Mojo Partnership,True,2023-04-30,23712.699477788705,22282.371026060315,924433,20903,1032,172784.6001975657,0.022611698197706052,1.0659891415615135,7.754318424887806,0.9396809100934225
Netherlands,EVAGO-Mojo Partnership,True,2023-05-31,21662.726029228474,18589.735881450786,1095633,24413,1231,197007.43884260656,0.022282096285891353,0.7614687208229544,10.597645932085811,0.8581438853248917
Netherlands,EVAGO-Mojo Partnership,True,2023-06-30,35329.53795166364,29770.990681136376,940043,24922,1251,187050.46442921474,0.026511553194907042,1.1945666752723045,6.282977494186462,0.8426657241277191
Netherlands,EVAGO-Mojo Partnership,True,2023-07-31,31604.55581115193,27064.08634400853,1005027,26557,1290,218765.67802396044,0.026424165718930935,1.0190942630571425,8.08324638205978,0.856334969734292
Netherlands,EVAGO-Mojo Partnership,True,2023-08-31,37779.53467369008,33587.609932223364,962831,26155,1323,179253.64144871308,0.027164684144984946,1.2841754896663493,5.336897796849197,0.8890424464548526
Netherlands,EVAGO-Mojo Partnership,True,2023-09-30,35754.56105297359,30905.76333860254,783450,18003,740,128883.87207560948,0.022979130767757993,1.7167007353553596,4.170221284087436,0.8643865965187736
Netherlands,EVAGO-Mojo Partnership,True,2023-10-31,32746.333902945156,29035.159059299753,907666,21801,1166,153024.84879255536,0.024018746984022756,1.3318269372643343,5.270329274932717,0.886668997676359
Netherlands,EVAGO-Mojo Partnership,True,2023-11-30,37257.191516805826,31832.031982686567,818341,19423,992,146993.11714198694,0.023734604523053347,1.6388833847853868,4.617773606847859,0.8543862456279857
Netherlands,EVAGO-Mojo Partnership,True,2023-12-31,30656.965625978333,27258.416698127734,945123,24113,1285,211519.22242682058,0.025513081366129065,1.130444851247366,7.759776540555598,0.8891426839396424
Netherlands,EVAGO-Mojo Partnership,True,2024-01-31,27370.405495824925,22979.13023120443,1029895,20929,1007,161002.89520478182,0.020321489083838642,1.097956435147615,7.006483430175633,0.8395611908164701
Netherlands,EVAGO-Mojo Partnership,True,2024-02-29,32255.9849349711,27536.30388921459,961337,25356,1345,169516.45374159608,0.026375766250544812,1.0859876908508672,6.156107748650763,0.8536804547971016
Netherlands,EVAGO-Mojo Partnership,True,2024-03-31,33289.14116186242,29484.722563326795,959619,22422,1060,159017.01370973873,0.023365523192016832,1.3149907485205063,5.393200270689495,0.8857159282050165
Netherlands,EVAGO-Mojo Partnership,True,2024-04-30,32964.00734032486,29466.031734506003,908197,21480,1018,153498.8863404211,0.02365125628030042,1.3717891868950653,5.209350472553359,0.8938850010041168
Netherlands,EVAGO-Mojo Partnership,True,2024-05-31,32420.636469534467,28099.80104447986,1165989,30576,1414,198138.76521095855,0.02622323195158788,0.9190149478178918,7.051251533678828,0.866725768042374
Netherlands,EVAGO-Mojo Partnership,True,2024-06-30,36408.423730888215,30620.22370937265,928094,22072,1044,143844.73787976816,0.0237820737985592,1.3872881347124253,4.697703689073252,0.841020307160264
Netherlands,EVAGO-Mojo Partnership,True,2024-07-31,32142.144219061618,27942.494234953516,1161295,30603,1644,268418.4253835024,0.026352477191411313,0.9130638903033531,9.606101127784626,0.8693413247266331
Netherlands,EVAGO-Mojo Partnership,True,2024-08-31,35548.87486550498,30311.91354580872,1108942,26700,1388,195679.00053307248,0.024077003125501605,1.1352776608917123,6.455514602776682,0.8526827828022774
Netherlands,EVAGO-Mojo Partnership,True,2024-09-30,27717.66585737264,23953.86309591739,963915,24287,1243,195831.30635522498,0.025196205059574754,0.9862833242441384,8.175353827942757,0.8642092454385326
Netherlands,EVAGO-Mojo Partnership,True,2024-10-31,31126.12230405576,28638.02358593019,1070845,26465,1321,206296.70136013557,0.02471412762818148,1.0821093363283654,7.203594226435681,0.9200639676918134
Netherlands,EVAGO-Mojo Partnership,True,2024-11-30,30311.386089560918,26381.735261135684,1090828,28333,1369,220037.56883739124,0.025973847389322607,0.9311310225227009,8.340526756840749,0.8703572704720822
Netherlands,EVAGO-Mojo Partnership,True,2024-12-31,33187.3222624225,28408.3152700115,1118026,26960,1481,219716.96150570377,0.02411392937194663,1.053720892804581,7.734248209278439,0.8559990181002882
Netherlands,Mojo Equipment Integration,True,2023-01-31,21718.39089285552,19313.423021061506,891939,20581,905,122130.24375774729,0.02307444791628127,0.9384103309392889,6.323593887244269,0.8892658354084071
Netherlands,Mojo Equipment Integration,True,2023-02-28,18131.860172483524,16933.71783814324,857330,21201,1021,166163.1953930689,0.024729100812989162,0.7987225997897853,9.812564315840076,0.9339206058869483
Netherlands,Mojo Equipment Integration,True,2023-03-31,21850.35202858622,19152.765357970038,1145107,27648,1470,258422.9376430562,0.024144468595511163,0.6927360155515784,13.492721954927449,0.8765426448467739
Netherlands,Mojo Equipment Integration,True,2023-04-30,21856.25124644656,19356.48477039997,940912,25049,1412,224238.90599284967,0.026622043294165662,0.7727448109864653,11.584691572498581,0.8856269335550848
Netherlands,Mojo Equipment Integration,True,2023-05-31,25684.38457513206,23286.421050564262,1075258,26373,1288,177039.79242808378,0.024527136742995635,0.8829644352392318,7.602705114867527,0.9066372987231497
Netherlands,Mojo Equipment Integration,True,2023-06-30,31493.559171132143,27212.877448088133,971271,22185,903,123817.32284301452,0.02284120497780743,1.2266340972769048,4.549953347609458,0.8640775499592374
Netherlands,Mojo Equipment Integration,True,2023-07-31,34513.45080135671,28373.188168892157,1024495,25519,1306,210150.10305856777,0.02490885753468782,1.1118456118536053,7.40664396992131,0.822090735933505
Netherlands,Mojo Equipment Integration,True,2023-08-31,32615.25263845085,27704.99108248313,1074292,26062,1180,173227.16097397564,0.024259698480487615,1.0630416346590106,6.2525615134920915,0.8494489185658215
Netherlands,Mojo Equipment Integration,True,2023-09-30,32575.60318605596,28673.223573013187,891196,22504,1247,184616.35319934695,0.025251459835995672,1.2741389785377348,6.438632640283429,0.8802054534261643
Netherlands,Mojo Equipment Integration,True,2023-10-31,30383.304880522803,26725.106818453634,1050971,25067,1277,168176.70989476022,0.023851276581370942,1.0661469987814112,6.292835835501115,0.8795984151015035
Netherlands,Mojo Equipment Integration,True,2023-11-30,31192.508333752303,26803.906227703163,919539,23621,891,130789.96625441543,0.025687871857528608,1.1347490041786192,4.879511409394409,0.8593058929698068
Netherlands,Mojo Equipment Integration,True,2023-12-31,36183.27716327558,31178.044107975973,996890,24343,1131,176993.42119512946,0.024418942912457744,1.2807806806053474,5.676860953245331,0.8616699910095568
Netherlands,Mojo Equipment Integration,True,2024-01-31,36753.10009665756,31942.829116530913,1100382,24145,1187,192159.08323936138,0.021942380009851124,1.3229583398853142,6.015718975246187,0.8691193132694647
Netherlands,Mojo Equipment Integration,True,2024-02-29,29405.627602993518,25714.01628891033,940662,23014,1056,159837.24868209945,0.02446574858982291,1.1173206000221747,6.215958132959275,0.874459019752145
Netherlands,Mojo Equipment Integration,True,2024-03-31,35347.137583952936,29892.61186550724,1090729,30614,1660,280676.7297800841,0.028067466804311613,0.9764360052756007,9.389501695031003,0.845686918622741
Netherlands,Mojo Equipment Integration,True,2024-04-30,25081.247095162387,22390.974014506333,977929,24756,1176,168025.54720526893,0.02531472121186712,0.9044665541487451,7.504164271568134,0.8927376668931687
Netherlands,Mojo Equipment Integration,True,2024-05-31,32805.74925299217,27923.25596253571,1080347,26013,1218,148610.57644166227,0.024078374818461104,1.0734346658415297,5.322107731313686,0.8511695845504539
Netherlands,Mojo Equipment Integration,True,2024-06-30,33335.603353955135,28343.288882822955,891570,23567,1117,165132.58599500725,0.0264331460233072,1.2026685145679532,5.826161765407665,0.850240764562617
Netherlands,Mojo Equipment Integration,True,2024-07-31,40450.81393543049,34854.80930018416,1078404,26245,1229,212348.9013143733,0.024336890441801033,1.3280552219540547,6.092384539692527,0.8616590349905212
Netherlands,Mojo Equipment Integration,True,2024-08-31,36171.21615117266,31318.152533771037,1024406,27363,1363,238521.58543396517,0.026711089158009616,1.144543819528964,7.616080966997086,0.8658307866365647
Netherlands,Mojo Equipment Integration,True,2024-09-30,31411.47531173676,27816.791831269667,1022239,24940,1265,139818.87502679127,0.024397425650948556,1.1153485096740043,5.0264198644797276,0.8855614566080583
Netherlands,Mojo Equipment Integration,True,2024-10-31,26909.4465588578,23581.494065831786,890157,20511,1148,158646.51993681118,0.023042002702893985,1.1496998715729017,6.7275856014009205,0.8763277243273311
Netherlands,Mojo Equipment Integration,True,2024-11-30,30271.176664493098,26863.296584165113,1070812,28307,1502,248344.34107227338,0.026435079173561745,0.9489983602700786,9.244745532038047,0.8874216183236348
Netherlands,Mojo Equipment Integration,True,2024-12-31,34619.337567911374,30135.79987307103,1000657,23861,1428,213445.3037076171,0.02384533361581441,1.2629730469414957,7.082782093278669,0.8704903672392585
Netherlands,Mojo Legacy Support,True,2023-01-31,25701.024001442293,22851.557610256226,1136950,28122,1445,224719.56167757214,0.024734596947974846,0.8125865020359941,9.833883777651709,0.8891302388953001
Netherlands,Mojo Legacy Support,True,2023-02-28,21859.649866479827,20766.97266206731,818079,19084,913,142497.17925972905,0.023327820418321456,1.0881876263921249,6.861721329272639,0.9500139658646565
Netherlands,Mojo Legacy Support,True,2023-03-31,25493.599886513864,23329.820292284327,1149114,26461,1223,233693.98562573764,0.02302730625508,0.8816681263854097,10.016964670020423,0.9151245958255515
Netherlands,Mojo Legacy Support,True,2023-04-30,23376.033288823637,20568.811644399666,808670,19193,1040,137443.3420340892,0.023734032423609136,1.071682990902916,6.682123615610595,0.8799102649393412
Netherlands,Mojo Legacy Support,True,2023-05-31,23522.933361854557,21211.362857718916,1202150,31652,1350,199074.14803469332,0.02632949299172316,0.6701428932680057,9.385259653990092,0.9017311970162638
Netherlands,Mojo Legacy Support,True,2023-06-30,28831.935890069668,24342.27672925379,881921,22201,1199,165084.490176782,0.02517345657944419,1.0964495621482722,6.78180155508579,0.844281730580491
Netherlands,Mojo Legacy Support,True,2023-07-31,29666.53501044446,25670.172730904287,996253,25166,1188,171643.90825611513,0.025260651661776677,1.020033884244786,6.686511620136987,0.8652905612963158
Netherlands,Mojo Legacy Support,True,2023-08-31,31511.83781070573,26632.39905844246,1018605,25324,1394,225978.85416973833,0.02486145267301849,1.0516663662313404,8.485110698208134,0.8451553736226218
Netherlands,Mojo Legacy Support,True,2023-09-30,30110.46553354003,26180.009357182033,947017,24320,1044,176579.75846426093,0.025680637200810544,1.0764806479104454,6.7448317552193435,0.8694654464249361
Netherlands,Mojo Legacy Support,True,2023-10-31,33063.65897510596,28631.252600547585,1011688,23800,1209,159678.67521968705,0.023525039340191838,1.202993806745697,5.577076121937925,0.8659432587937231
Netherlands,Mojo Legacy Support,True,2023-11-30,33912.201264420684,29170.621701190186,933972,23157,1018,155061.7809570675,0.02479410517660058,1.2596891523595537,5.3156831056069285,0.8601807200228794
Netherlands,Mojo Legacy Support,True,2023-12-31,34862.203078622275,29863.975340538775,1058849,26697,1158,176954.711819984,0.025213226815154945,1.1186266374700817,5.925356882403304,0.8566290338332506
Netherlands,Mojo Legacy Support,True,2024-01-31,32957.359702353366,27570.194710303174,1033962,24695,1139,166744.41613490405,0.02388385646667866,1.1164282126059193,6.047995594046005,0.8365413661560542
Netherlands,Mojo Legacy Support,True,2024-02-29,33628.98699852313,28461.238349430172,868477,21946,1104,165067.5044801703,0.02526952354524069,1.2968758930752835,5.799730231466725,0.8463305287988632
Netherlands,Mojo Legacy Support,True,2024-03-31,33095.746122303164,28659.46873254318,926857,24002,1123,150505.02883553394,0.025896119897675693,1.1940450267704017,5.251494025938926,0.8659562659996843
Netherlands,Mojo Legacy Support,True,2024-04-30,31636.16076335498,27531.842767485236,1056631,25468,1318,205690.96794922187,0.024103021773921075,1.08103670360787,7.471020726303884,0.8702649785297625
Netherlands,Mojo Legacy Support,True,2024-05-31,30341.927523743187,26545.903708869737,989262,25520,1529,262413.1264012698,0.0257970082748554,1.0401999885920743,9.885258730656442,0.8748918040258654
Netherlands,Mojo Legacy Support,True,2024-06-30,28753.708782968675,25370.619668258234,1003629,25609,1155,149342.19729992497,0.02551640098084053,0.990691540796526,5.8864229274924025,0.8823425130912398
Netherlands,Mojo Legacy Support,True,2024-07-31,35415.20570550589,30182.25681372428,1048397,26133,1232,149024.1840472455,0.024926626077716743,1.1549480279234792,4.937476510354328,0.8522400537414341
Netherlands,Mojo Legacy Support,True,2024-08-31,31196.66822902228,26735.720319926095,1050124,27301,1343,202235.10552126428,0.02599788215486933,0.9792945430543238,7.564228795830825,0.8570056303337494
Netherlands,Mojo Legacy Support,True,2024-09-30,29853.665127018565,25787.173002113224,864901,21483,1158,180785.39304125455,0.024838680958861187,1.2003525113863625,7.010671275460844,0.8637858330759854
Netherlands,Mojo Legacy Support,True,2024-10-31,34014.728162255655,30180.25219520576,884678,23333,1252,204243.89340337814,0.026374567921887963,1.2934578577639293,6.767468080860604,0.8872701275530166
Netherlands,Mojo Legacy Support,True,2024-11-30,27964.2325107838,23984.601422223488,986034,24560,1229,174239.33824121987,0.024907863217698376,0.9765717191459075,7.2646334693631545,0.857688528121569
Netherlands,Mojo Legacy Support,True,2024-12-31,30401.987101200688,27130.122101806886,994597,24616,1212,191314.29639664467,0.024749722752029215,1.1021336570444786,7.051730017238035,0.8923798964685244
Netherlands,Mojo-EVAGO Joint Events,True,2023-01-31,20544.845430867572,18815.623658909517,932744,22353,1050,152060.57661672117,0.02396477490072303,0.8417493696107688,8.081612354354139,0.9158318431853477
Netherlands,Mojo-EVAGO Joint Events,True,2023-02-28,23865.813489097753,21699.824339996245,890868,25376,1266,220132.79670347628,0.028484579084667987,0.8551317914563463,10.144450630309313,0.909243020352482
Netherlands,Mojo-EVAGO Joint Events,True,2023-03-31,25258.139067943517,21887.09794152449,944583,25232,1109,167157.27473739604,0.026712316440164603,0.8674341289443759,7.637251644050218,0.8665364412892398
Netherlands,Mojo-EVAGO Joint Events,True,2023-04-30,24859.145118461387,22761.173616023614,1026730,25092,1383,210285.30903840193,0.024438752154899535,0.9071087843146666,9.238772683073046,0.9156056456310022
Netherlands,Mojo-EVAGO Joint Events,True,2023-05-31,25468.800579011997,23417.786795565615,1025592,25245,975,130966.92369149915,0.024615051599466455,0.927620788099252,5.59262601691715,0.9194695573871446
Netherlands,Mojo-EVAGO Joint Events,True,2023-06-30,32092.15285174949,27451.702302756996,993989,25786,1385,200615.77095354,0.02594193698320605,1.0645971574791357,7.30795375605512,0.8554023293348635
Netherlands,Mojo-EVAGO Joint Events,True,2023-07-31,32751.925608339698,28573.391779794514,1022646,24547,1185,199970.29869089535,0.02400341858277449,1.1640278559414394,6.998479572603734,0.8724186822321923
Netherlands,Mojo-EVAGO Joint Events,True,2023-08-31,28435.432608668838,24209.94094565959,1159204,29975,1414,205107.68806689873,0.025858261358656456,0.8076710907642899,8.47204412961077,0.8514004790726812
Netherlands,Mojo-EVAGO Joint Events,True,2023-09-30,27195.306759741685,23671.157743198022,1016165,23265,1130,155241.07916734723,0.02289490387879921,1.0174578870921136,6.558237702249955,0.87041333831319
Netherlands,Mojo-EVAGO Joint Events,True,2023-10-31,30221.40280866834,26525.013660983765,942483,23745,1214,194217.43004739608,0.025194088381434998,1.1170778547476843,7.322048257154146,0.8776896899496556
Netherlands,Mojo-EVAGO Joint Events,True,2023-11-30,35284.153697416834,31155.685788547296,859798,20124,1036,139706.60141664304,0.02340549757035955,1.5481855390850376,4.4841446394352396,0.8829937103133131
Netherlands,Mojo-EVAGO Joint Events,True,2023-12-31,33324.07028746398,29620.914260881047,1011577,24614,1463,186781.2535637542,0.024332304906102057,1.203417334073334,6.305722096175385,0.8888744383672721
Netherlands,Mojo-EVAGO Joint Events,True,2024-01-31,29791.204651347696,25676.472801261276,1093957,26570,1308,187068.33578663913,0.024287974755863348,0.9663708242853322,7.285593205677767,0.861880984732174
Netherlands,Mojo-EVAGO Joint Events,True,2024-02-29,33925.2597204798,30601.250397484386,915288,19995,1029,165968.81652710543,0.021845583029603797,1.5304451311570086,5.423595910994183,0.9020196352103741
Netherlands,Mojo-EVAGO Joint Events,True,2024-03-31,34493.53458954725,28902.58212203461,961979,23747,1236,174562.19211374363,0.024685570059221666,1.2171045657150212,6.039674634490935,0.8379130311218702
Netherlands,Mojo-EVAGO Joint Events,True,2024-04-30,33080.40979920136,27344.0784029714,969509,23368,1162,186530.36098786793,0.024102922200825366,1.1701505650021997,6.821599844725365,0.8265943066893794
Netherlands,Mojo-EVAGO Joint Events,True,2024-05-31,30599.098554254826,25976.576259538135,1066158,28830,1414,219695.7058129766,0.027041020186501438,0.901025884826158,8.457454270260435,0.8489327296187971
Netherlands,Mojo-EVAGO Joint Events,True,2024-06-30,32520.53323742828,26926.60879319525,967267,22624,1169,174802.91338122432,0.02338961217533525,1.190178960095264,6.491828017548188,0.8279879237098451
Netherlands,Mojo-EVAGO Joint Events,True,2024-07-31,29928.990456066083,25539.93083037827,1041774,26332,1343,147397.54990414303,0.025276115549053825,0.9699199008954227,5.771258774468651,0.8533508962779522
Netherlands,Mojo-EVAGO Joint Events,True,2024-08-31,35298.94625644313,30199.826647262056,924588,24522,1028,157650.27977301605,0.026522083349556774,1.2315401128481387,5.220237904488394,0.8555447074216747
Netherlands,Mojo-EVAGO Joint Events,True,2024-09-30,36670.754024432434,31379.617368504634,882710,22038,1138,184719.67860620905,0.0249662969718254,1.4238868031810796,5.886613480239887,0.8557123572533442
Netherlands,Mojo-EVAGO Joint Events,True,2024-10-31,34150.1647080603,29871.437947141487,1051109,26184,1200,199135.5196426027,0.024910832273341774,1.140827908155419,6.666418938217159,0.8747084590221925
Netherlands,Mojo-EVAGO Joint Events,True,2024-11-30,30918.80719521309,26959.664090165636,1066747,26041,1198,175602.95752911243,0.024411599001450204,1.035277604169027,6.513543972277051,0.8719503284829042
Netherlands,Mojo-EVAGO Joint Events,True,2024-12-31,30816.651522669617,26665.511320062946,1036896,24701,1060,143468.6113746616,0.02382206122889856,1.079531651352696,5.380306030986055,0.8652955464822979
Netherlands,Unified Rental Solutions,False,2023-01-31,29053.62613814142,26408.825394137573,1187895,31347,1639,216614.6218470697,0.026388695970603462,0.8424673938219789,8.202357303447332,0.9089683080718187
Netherlands,Unified Rental Solutions,False,2023-02-28,21010.381442141752,19873.834616584398,961992,26367,1444,263099.571494758,0.02740875183993214,0.7537389394540296,13.238490536456695,0.9459054644635001
Netherlands,Unified Rental Solutions,False,2023-03-31,28413.480480387807,25344.74560207264,944994,23976,1245,183095.12074651627,0.025371589660886734,1.0570881549079345,7.2241845951510815,0.8919972201070777
Netherlands,Unified Rental Solutions,False,2023-04-30,20856.165921686952,18311.0364667264,1003379,29450,1554,226302.45025171153,0.029350823567166544,0.6217669428430017,12.35880069721522,0.8779675293859243
Netherlands,Unified Rental Solutions,False,2023-05-31,22118.075773376302,19946.00955379476,945998,24866,1186,173408.0477949552,0.02628546783397005,0.802139851757209,8.693871690338383,0.9017967818793678
Netherlands,Unified Rental Solutions,False,2023-06-30,18765.978544368878,15588.828702698673,967155,21120,977,141433.33591098103,0.021837244288661073,0.7381074196353539,9.072736547967628,0.8306962872115414
Netherlands,Unified Rental Solutions,False,2023-07-31,25186.58189851374,22765.029947045714,1063672,25071,1342,180693.93053022746,0.023570235937394234,0.9080224142254283,7.937346489354241,0.9038554750610712
Netherlands,Unified Rental Solutions,False,2023-08-31,22865.23359809067,20398.96149486841,826965,19416,948,165337.25029592004,0.02347862364187118,1.0506263645894318,8.105179782682196,0.8921387751127895
Netherlands,Unified Rental Solutions,False,2023-09-30,23657.584301268707,21440.399255367287,933293,23895,1125,164863.3322623911,0.025602892124981114,0.8972755495027113,7.68937790284479,0.9062801587149996
Netherlands,Unified Rental Solutions,False,2023-10-31,23441.528933601927,21064.1509620748,946122,23895,1168,157125.64583088906,0.02525572811962939,0.8815296489673489,7.459386619180036,0.8985826403106622
Netherlands,Unified Rental Solutions,False,2023-11-30,22829.863032514175,20363.11466451013,952430,24971,1213,189426.2858819316,0.02621819976271222,0.8154705323979868,9.302422001879377,0.8919508030122251
Netherlands,Unified Rental Solutions,False,2023-12-31,24930.933196157246,22323.45077334407,1020629,21806,957,150253.11682222868,0.021365256131268072,1.0237297428847139,6.7307298655476036,0.8954117600694111
Netherlands,Unified Rental Solutions,False,2024-01-31,21763.019563585553,19408.80755184951,923190,21446,1071,149728.7579310669,0.023230320952350003,0.9050082790193748,7.714474860502129,0.8918251208267454
Netherlands,Unified Rental Solutions,False,2024-02-29,20686.491890708498,18940.04059917656,894845,20205,981,137898.2213959534,0.022579329381065993,0.9373937440819875,7.280777497485866,0.9155752797159207
Netherlands,Unified Rental Solutions,False,2024-03-31,25292.17451504815,22441.45689039556,826684,18503,826,129082.33891744277,0.02238219198629706,1.2128550446087423,5.751958954709715,0.887288551525829
Netherlands,Unified Rental Solutions,False,2024-04-30,24201.124186843444,21316.034199087622,1076383,27933,1449,172867.1348095032,0.02595080004050603,0.7631129559691985,8.109723093656058,0.8807869433881813
Netherlands,Unified Rental Solutions,False,2024-05-31,25405.659486324705,22849.919469480377,1189699,28607,1482,173091.1960489167,0.024045577915086085,0.7987527342776376,7.575133745224219,0.8994027288203235
Netherlands,Unified Rental Solutions,False,2024-06-30,24825.680478808175,21948.983247201963,922240,23500,1175,178710.81817659945,0.02548143650242887,0.9339992871149772,8.142100076520919,0.8841241337146092
Netherlands,Unified Rental Solutions,False,2024-07-31,25825.24541239013,23050.15088054434,1029868,25832,1246,204802.9347248212,0.0250828261485938,0.8923099597609299,8.885101697867267,0.892543343246822
Netherlands,Unified Rental Solutions,False,2024-08-31,23332.48261375643,20829.43824810383,1035371,22433,972,153439.27251150808,0.02166662964290095,0.9285177304909655,7.36646234448863,0.8927227587784916
Netherlands,Unified Rental Solutions,False,2024-09-30,23191.255172401823,21097.051358176268,891857,24185,1247,220194.78252175663,0.027117576023959,0.8723196757567198,10.437230245278757,0.9096985566905533
Netherlands,Unified Rental Solutions,False,2024-10-31,27388.42506376806,25310.361441362922,1020000,25052,1092,189792.146140782,0.02456078431372549,1.0103130066007873,7.498594857306865,0.9241262096098328
Netherlands,Unified Rental Solutions,False,2024-11-30,19844.484803732124,17504.764921000748,916277,22431,999,138676.9695437413,0.024480588293714675,0.780382725736737,7.922241182306213,0.8820972221817848
Netherlands,Unified Rental Solutions,False,2024-12-31,25043.95137487867,21926.471250466497,944719,26114,1243,191922.79879939684,0.02764208193124093,0.8396443000102052,8.753018057810538,0.8755196383451181
North America,EVAGO Construction Safety,False,2023-01-31,24211.561906366718,22416.171230412914,951019,22125,1180,206728.6557767806,0.02326451942600516,1.0131602816005838,9.222299992797323,0.9258457309405683
North America,EVAGO Construction Safety,False,2023-02-28,18135.41709655829,16119.951413709034,792334,20883,913,129889.7187946632,0.026356309334194923,0.7719174167365337,8.057699149403138,0.8888657662452248
North America,EVAGO Construction Safety,False,2023-03-31,27011.234415840157,23560.900110890758,1085654,27943,1266,205715.43015913677,0.0257384028428947,0.8431771860892087,8.731221183865006,0.8722629905826879
North America,EVAGO Construction Safety,False,2023-04-30,24044.20538886268,21446.43362551465,887470,23630,1211,177247.53200791407,0.026626252155002424,0.9075934670128926,8.26466232581645,0.8919585105294716
North America,EVAGO Construction Safety,False,2023-05-31,26220.398150594207,23530.630098143552,1029618,25223,1247,193336.04818277052,0.02449743497102809,0.9329037028959106,8.216356611632927,0.8974169638080153
North America,EVAGO Construction Safety,False,2023-06-30,24535.358314760197,23118.634762821242,1035064,25401,1298,211423.73517539116,0.024540511504602614,0.9101466384323941,9.145165246323154,0.9422578821240745
North America,EVAGO Construction Safety,False,2023-07-31,27557.90211369753,26017.71433467893,1061859,25678,1139,175729.28269628464,0.024182118341512387,1.0132297817072564,6.754216778452965,0.9441108480368302
North America,EVAGO Construction Safety,False,2023-08-31,26596.60229093231,23170.69508819618,973492,25451,1317,228285.0477791793,0.026144025836884126,0.9104041133234914,9.852317632692612,0.871190042800913
North America,EVAGO Construction Safety,False,2023-09-30,22780.377811225135,20867.293723087292,865862,22130,1068,142666.36194960665,0.025558345325236584,0.9429414244503973,6.836840648471944,0.916020528544739
North America,EVAGO Construction Safety,False,2023-10-31,25920.776764345017,24033.385896615495,1136196,27529,1344,202502.64839270848,0.024229094275987594,0.873020665357096,8.425889271857693,0.9271861763677662
North America,EVAGO Construction Safety,False,2023-11-30,22408.570885826026,19103.421018346788,1153076,27907,1555,230281.64209917793,0.024202220842338234,0.6845386827085242,12.054471389078277,0.8525051024307031
North America,EVAGO Construction Safety,False,2023-12-31,22879.691248696636,20199.20267998441,954418,21904,1062,176173.86935952018,0.022950112005431584,0.9221695891154315,8.721822942748755,0.8828441983951631
North America,EVAGO Construction Safety,False,2024-01-31,23642.627533749743,20435.978961269167,1016632,20577,962,148772.60467550834,0.020240362294320857,0.9931466667283456,7.2799353022170505,0.86437004229318
North America,EVAGO Construction Safety,False,2024-02-29,21931.625752512904,19746.513085258648,1015329,22852,1103,161548.72404317846,0.022506990345001473,0.8641043709635327,8.181126629580962,0.9003670456576213
North America,EVAGO Construction Safety,False,2024-03-31,24454.764239257864,22540.87542272285,973389,25558,1285,200534.71769608586,0.026256717509649277,0.881949895247001,8.896491992229025,0.9217375887246299
North America,EVAGO Construction Safety,False,2024-04-30,25225.2037336871,22966.83547509837,968655,19575,1029,136289.12238703787,0.020208433343140746,1.1732738429169027,5.934170710405811,0.9104717534719935
North America,EVAGO Construction Safety,False,2024-05-31,25657.376314492496,22365.12883101874,926888,22514,939,140418.41031955893,0.02428988184117175,0.9933876179718727,6.278453005144742,0.8716841721024242
North America,EVAGO Construction Safety,False,2024-06-30,24359.436838187226,22675.052559152617,938877,25957,1407,182500.31911366095,0.027646858960225888,0.8735621435124481,8.048506994088358,0.9308529055813772
North America,EVAGO Construction Safety,False,2024-07-31,22341.665140288307,21342.42424566651,1055865,25468,1378,200997.7952518441,0.024120507830072975,0.8380094332364736,9.417758401679972,0.9552745559318278
North America,EVAGO Construction Safety,False,2024-08-31,27329.967149035172,24159.769531191356,1068908,23420,1090,162620.74501006017,0.0219102111687816,1.0315870850209803,6.731055310776431,0.8840028749190892
North America,EVAGO Construction Safety,False,2024-09-30,23206.404409053222,21982.459253264435,1095292,26370,1109,141729.16590924122,0.024075771575068565,0.8336162022474188,6.44737534942521,0.9472583027420092
North America,EVAGO Construction Safety,False,2024-10-31,25025.083729659065,22799.489317426083,887474,19956,1004,136019.72369088125,0.022486292556176294,1.1424879393378475,5.965910981476186,0.9110654559131298
North America,EVAGO Construction Safety,False,2024-11-30,23767.243655264938,20985.020244908672,1164836,29800,1402,207549.23910678513,0.02558300052539585,0.7041953102318347,9.890352102812011,0.882938743309431
North America,EVAGO Construction Safety,False,2024-12-31,29854.609644922624,26511.767386607917,746654,15672,709,109929.78783032778,0.020989641788566056,1.6916645856692136,4.146452638455836,0.8880292759452233
North America,EVAGO Corporate Events,False,2023-01-31,25066.97701649905,22545.54514527125,1095689,28813,1321,211905.9717458624,0.026296695503924928,0.7824782266779319,9.399017428075275,0.8994122079591729
North America,EVAGO Corporate Events,False,2023-02-28,24739.528545777277,21713.81269645135,844418,20331,972,139933.0542889047,0.024076938198854123,1.0680149867911737,6.444425778425072,0.877697109557798
North America,EVAGO Corporate Events,False,2023-03-31,24659.9430790166,22657.80249631955,1055506,26845,1478,230594.22585223042,0.02543329928962981,0.844023188538631,10.177254651667447,0.918810007943583
North America,EVAGO Corporate Events,False,2023-04-30,25817.87401227538,23599.555819915404,999793,23907,1255,202833.8281345146,0.023911949773603135,0.9871399933038609,8.594815499169073,0.9140782005789766
North America,EVAGO Corporate Events,False,2023-05-31,26289.141877067857,24752.573585097452,971635,20869,1162,165409.87279113397,0.02147822999377338,1.1860929409697376,6.682532312143927,0.9415512191628148
North America,EVAGO Corporate Events,False,2023-06-30,21243.763833404108,18921.683413612565,1052488,23444,1148,170924.71868578953,0.022274838287942477,0.8071013228805906,9.03327230191493,0.8906935495046194
North America,EVAGO Corporate Events,False,2023-07-31,24917.51632339087,22897.06370483046,1083043,28010,1398,220273.46679138168,0.025862315715996502,0.8174603250564249,9.620162202060515,0.9189143656077894
North America,EVAGO Corporate Events,False,2023-08-31,27476.566099271826,24294.477950400218,1056705,25757,1283,195371.9477064056,0.02437482551894805,0.9432184629576511,8.041825311302361,0.8841890162921072
North America,EVAGO Corporate Events,False,2023-09-30,25972.197995184655,23468.43945013946,1036335,24877,1119,179812.5743087026,0.0240047860971597,0.9433790026988568,7.66188883972147,0.9035985115503354
North America,EVAGO Corporate Events,False,2023-10-31,26295.03570105799,23496.40014691916,1110948,27375,1296,189062.96098295331,0.02464111731602199,0.8583159871020698,8.04646498190248,0.8935679119832408
North America,EVAGO Corporate Events,False,2023-11-30,22876.977555895286,20924.750011753287,1108599,24346,1213,169656.71864255422,0.021961051741883224,0.8594738360204258,8.10794482836159,0.9146640967159179
North America,EVAGO Corporate Events,False,2023-12-31,26687.586745025765,23947.572329666942,1097398,29681,1396,195700.36799433705,0.027046705024066017,0.8068317216288852,8.172033695118975,0.8973300043373338
North America,EVAGO Corporate Events,False,2024-01-31,24182.473920061348,22598.532367778134,934314,21018,1159,188528.31633296853,0.022495649214289842,1.075198989807695,8.342502657463701,0.9345004337637597
North America,EVAGO Corporate Events,False,2024-02-29,23847.25509325161,20717.90488407446,845544,22901,1189,186246.29576844737,0.02708433860331337,0.9046724983221022,8.989629830360505,0.8687752449101489
North America,EVAGO Corporate Events,False,2024-03-31,25480.171809186213,22779.556750857795,990634,25146,1274,207890.5314436714,0.025383744147687237,0.9058918615627851,9.126188613649957,0.8940111126976474
North America,EVAGO Corporate Events,False,2024-04-30,22616.299226494197,20485.392048196336,848234,20612,925,160166.93398277747,0.024299898377098773,0.9938575610419337,7.818592566153967,0.9057800236476542
North America,EVAGO Corporate Events,False,2024-05-31,26817.116288104084,23690.36228098133,889450,23886,1174,206325.55047397548,0.026854797908820057,0.9918095236113762,8.70926109220432,0.8834045400880869
North America,EVAGO Corporate Events,False,2024-06-30,28302.76222837621,25514.80069584065,855388,21080,974,140555.43665360953,0.024643787380697415,1.2103795396508847,5.508780504663024,0.9014950728116438
North America,EVAGO Corporate Events,False,2024-07-31,22087.01487806678,20397.663883159865,1075564,21586,1069,139353.20076299962,0.020069470528950393,0.9449487576744123,6.831821602769345,0.9235138381427677
North America,EVAGO Corporate Events,False,2024-08-31,20849.64880613468,18193.926020016952,985778,24704,1240,193174.29842091832,0.02506040913877161,0.7364769276237432,10.617515879111965,0.8726250590208348
North America,EVAGO Corporate Events,False,2024-09-30,26453.63501450769,23912.051710446813,929282,22556,1215,205955.70144871308,0.02427250285704447,1.0601193345649411,8.613050186686163,0.9039230978023616
North America,EVAGO Corporate Events,False,2024-10-31,27124.14661156768,23975.75898848675,1068096,26242,1234,194129.55691153137,0.024568952603511295,0.9136406900574174,8.096909758091627,0.8839267583910554
North America,EVAGO Corporate Events,False,2024-11-30,23721.45331996504,22009.225252320015,974242,22639,1151,179600.47945149994,0.023237552887270307,0.9721818654675567,8.160236327835669,0.9278194280700358
North America,EVAGO Corporate Events,False,2024-12-31,21551.732810733763,19944.736545924265,981721,26170,1447,230884.58586003506,0.026657268205528863,0.7621221454308087,11.576216378110878,0.9254354033189786
North America,EVAGO Crowd Control,False,2023-01-31,23720.005743412996,20902.75046696101,967023,22637,1109,191563.7739785098,0.0234089571809564,0.9233887205442863,9.164524749089669,0.8812287270531403
North America,EVAGO Crowd Control,False,2023-02-28,23073.629565160092,20960.634929382988,816990,23902,1225,188031.652938759,0.029256172046169475,0.876940629628608,8.970704063700518,0.9084238294712155
North America,EVAGO Crowd Control,False,2023-03-31,26564.805872250658,23338.693961624733,784273,19100,1067,194160.03944321597,0.024353764569225257,1.2219211498232845,8.319233276826406,0.87855691751936
North America,EVAGO Crowd Control,False,2023-04-30,24950.799843828892,21460.330907198953,915378,26798,1249,190277.02889623074,0.029275337620087,0.8008183785058196,8.86645363107619,0.8601059301314046
North America,EVAGO Crowd Control,False,2023-05-31,26923.68499197111,23593.601647751173,959660,27946,1541,258125.44228887896,0.029120730258633265,0.8442568398966283,10.940484888346083,0.876313983571974
North America,EVAGO Crowd Control,False,2023-06-30,24394.980432735516,23085.135344745304,996995,21051,1073,165891.32285313628,0.0211144489190016,1.0966289176165172,7.18606672110748,0.9463067784947867
North America,EVAGO Crowd Control,False,2023-07-31,24636.5495045486,22999.849446973625,1037538,23510,1237,174191.62306438255,0.022659411028800872,0.9783006995735273,7.573598404023601,0.9335661815274581
North America,EVAGO Crowd Control,False,2023-08-31,23781.12127736211,21859.691286662826,824008,22036,984,155448.93315358105,0.026742458811079502,0.9919990600228185,7.111213562673894,0.9192035578016103
North America,EVAGO Crowd Control,False,2023-09-30,23786.543648711417,21773.784953834554,915243,23040,1152,192155.78618352115,0.025173642409720698,0.9450427497324025,8.82509800620038,0.915382464783365
North America,EVAGO Crowd Control,False,2023-10-31,22956.778775715207,21396.173446977285,934105,24820,1361,172119.94847401988,0.026570888711654472,0.8620537246969092,8.044426677534524,0.9320198472100621
North America,EVAGO Crowd Control,False,2023-11-30,22069.680162277265,20126.897932288564,883114,22753,1113,185270.25766405536,0.025764510584137496,0.8845821620132978,9.205107428245842,0.9119705308049995
North America,EVAGO Crowd Control,False,2023-12-31,25370.682870104778,22440.03893062562,1025921,24434,1126,157955.15879160215,0.023816648650334674,0.9183939973244503,7.038987734376379,0.8844869901813938
North America,EVAGO Crowd Control,False,2024-01-31,23231.12034668464,21198.47376552936,949365,23233,953,137836.8095560149,0.02447214717205711,0.9124294652231464,6.502204407760243,0.9125032908089876
North America,EVAGO Crowd Control,False,2024-02-29,24160.275882504233,21224.391451554176,954219,24122,1262,181816.90491155413,0.02527931219143614,0.8798769360564703,8.566413097240552,0.878482992279236
North America,EVAGO Crowd Control,False,2024-03-31,24407.385841855885,22062.731533976505,1136596,27793,1521,223968.984047349,0.024452839883300662,0.7938233200437702,10.151462147941102,0.9039366885470149
North America,EVAGO Crowd Control,False,2024-04-30,21660.15304407451,19320.231894271896,1079273,26428,1273,172367.9599772256,0.02448685365055922,0.731051607926135,8.921629974241128,0.891971162667166
North America,EVAGO Crowd Control,False,2024-05-31,28972.932395361862,25602.20532215641,1045703,28894,1230,150106.26442617108,0.027631172522217112,0.8860734173931062,5.8630208818873735,0.8836594436762965
North America,EVAGO Crowd Control,False,2024-06-30,25173.685142472583,22054.651995236152,911908,24366,1137,187049.04113341513,0.02671980068164771,0.9051404414034373,8.481160399802187,0.8760994614183819
North America,EVAGO Crowd Control,False,2024-07-31,28478.991835048168,25741.073423128615,989519,26141,1388,214935.64892804457,0.02641788586171665,0.9847011752851312,8.349910098734371,0.9038618211003493
North America,EVAGO Crowd Control,False,2024-08-31,25526.636322450886,23366.064168762194,941721,23956,1201,184883.09846718566,0.025438532219202926,0.9753741930523541,7.91246215587962,0.915360091850862
North America,EVAGO Crowd Control,False,2024-09-30,22147.042407137607,20691.300962556343,995848,22970,1173,174811.77522862318,0.023065769073191893,0.9007967332414603,8.44856374884152,0.9342692618806697
North America,EVAGO Crowd Control,False,2024-10-31,24400.84417801445,22235.96877375748,1009987,29786,1409,184881.1925700562,0.029491468702072404,0.7465241648344013,8.314510352625154,0.9112786677188998
North America,EVAGO Crowd Control,False,2024-11-30,24376.43808411546,20362.078892658366,969316,22164,1094,167740.90688057104,0.022865608325871027,0.9187005455990961,8.237906736578392,0.8353180568217229
North America,EVAGO Crowd Control,False,2024-12-31,25793.512897112338,23114.711721639633,871202,19797,961,158403.28792728722,0.022723777034487982,1.167586589970179,6.852920764700368,0.8961443838162655
North America,EVAGO Event Infrastructure,False,2023-01-31,24894.768590722262,21907.02905337338,1099069,26383,1274,177215.83572392748,0.02400486229708963,0.8303463993243141,8.089450892321645,0.8799852456366134
North America,EVAGO Event Infrastructure,False,2023-02-28,26360.571350494538,23493.379674305335,932251,23678,1294,194500.17941878462,0.025398739180757114,0.992202875002337,8.27893568806148,0.8912318083676357
North America,EVAGO Event Infrastructure,False,2023-03-31,22753.214523113238,20244.493863502754,919273,23754,1160,180936.04138730632,0.025839984422472977,0.8522562037342238,8.937543344242458,0.8897421435963666
North America,EVAGO Event Infrastructure,False,2023-04-30,24664.9504222618,22382.252069512433,997517,28886,1562,246448.45201282686,0.028957902471837573,0.7748477487195331,11.01088716396515,0.9074517356139067
North America,EVAGO Event Infrastructure,False,2023-05-31,23337.596508512055,20863.85042880332,992045,25892,1254,160176.91972316458,0.026099622496963345,0.8058029672795968,7.677246358228988,0.8940016775589349
North America,EVAGO Event Infrastructure,False,2023-06-30,24825.413104326035,21661.764052574566,948342,25730,1311,206164.91742969205,0.027131562242313428,0.8418874486037531,9.517457439260989,0.8725640923493766
North America,EVAGO Event Infrastructure,False,2023-07-31,26637.397754857197,22989.160103578924,1016039,22379,1146,136217.66037290814,0.022025729327319127,1.0272648511362852,5.925299565498348,0.8630407637843289
North America,EVAGO Event Infrastructure,False,2023-08-31,25998.835398738065,22388.425143428558,1066827,25636,1211,214865.23528857136,0.0240301379698864,0.8733197512649616,9.597157187790787,0.8611318468716969
North America,EVAGO Event Infrastructure,False,2023-09-30,26905.9940131671,23282.79588046957,907342,20061,988,138074.99587701182,0.022109634514879725,1.1605999641328733,5.930344301683888,0.8653386256265266
North America,EVAGO Event Infrastructure,False,2023-10-31,22333.003286901752,19898.62337045317,958986,23165,1288,204510.6577614791,0.024155722815557265,0.8589951811117276,10.277628454697545,0.8909963033106103
North America,EVAGO Event Infrastructure,False,2023-11-30,22005.531108856965,20060.90868800655,950292,26757,1580,249810.78200429116,0.02815660870553472,0.7497443169266567,12.452615476667862,0.9116302891654486
North America,EVAGO Event Infrastructure,False,2023-12-31,21605.774780888503,19541.09488139028,937818,24905,1324,198904.2410419807,0.026556325427748242,0.7846253716679494,10.178766453429624,0.9044385160709651
North America,EVAGO Event Infrastructure,False,2024-01-31,26690.19967472685,23572.759102891105,967918,25552,1274,198440.57140449528,0.02639893048791323,0.9225406662058196,8.418215726819918,0.8831990539663264
North America,EVAGO Event Infrastructure,False,2024-02-29,25130.26190832334,21993.633114511573,851068,21292,1138,165456.8845826809,0.025017977411910683,1.0329528984835419,7.522944650445731,0.8751851928462038
North America,EVAGO Event Infrastructure,False,2024-03-31,22903.54125031459,21066.425757261153,1151723,28900,1264,179560.3160401925,0.025092839163583604,0.7289420677252995,8.523530194879017,0.9197890198299269
North America,EVAGO Event Infrastructure,False,2024-04-30,26621.78302374598,23948.50153042142,1057917,25960,1370,223865.68268158715,0.02453878706930695,0.9225154672735524,9.347794992401255,0.899582928350815
North America,EVAGO Event Infrastructure,False,2024-05-31,27964.335812892332,24873.82362430872,909171,24385,1330,186875.81454450067,0.026821137057825205,1.0200460785035357,7.512950858181307,0.889483797889496
North America,EVAGO Event Infrastructure,False,2024-06-30,26563.13688784559,24708.096851277194,981915,24364,1211,214094.0470184408,0.024812738373484466,1.0141231674305202,8.66493475022031,0.9301648730569468
North America,EVAGO Event Infrastructure,False,2024-07-31,26279.668619869833,23253.24093947539,965853,20421,1063,155349.5985375227,0.0211429689611152,1.138692568408765,6.680771895060728,0.8848376772108082
North America,EVAGO Event Infrastructure,False,2024-08-31,25015.446167877846,21533.611926527166,896062,23149,1067,142416.1575160055,0.02583414986909388,0.9302178032108154,6.613667878938769,0.8608126268072852
North America,EVAGO Event Infrastructure,False,2024-09-30,25839.31005414259,24181.203927357834,987765,26644,1162,179437.05522888526,0.026974027223074314,0.9075665788679566,7.420517843856235,0.9358300928581131
North America,EVAGO Event Infrastructure,False,2024-10-31,26398.231943553637,22788.91034122832,1110414,27035,1420,197849.35862856536,0.024346775166739613,0.8429410150260152,8.681826189408813,0.8632741158558271
North America,EVAGO Event Infrastructure,False,2024-11-30,27447.333507105923,23978.14282893343,794051,18501,989,158905.41670961032,0.023299510988588894,1.2960457720627765,6.627094426923913,0.8736055479752033
North America,EVAGO Event Infrastructure,False,2024-12-31,28578.593106225344,24484.879982204824,1168125,25027,1234,181197.99799477606,0.02142493311931514,0.9783385936070973,7.400403764546428,0.8567559603510091
North America,EVAGO Festival Equipment,False,2023-01-31,26094.661481550822,23713.421989776667,835760,20457,1051,162992.72890886385,0.024477122618933665,1.159183750783432,6.873437708785063,0.9087461052729995
North America,EVAGO Festival Equipment,False,2023-02-28,21544.218571404377,18761.156346310385,952024,24038,1247,185484.48181767148,0.025249363461425343,0.7804790892050247,9.886623105411587,0.8708209250723092
North America,EVAGO Festival Equipment,False,2023-03-31,25974.494585637134,22892.4122874717,1129262,28362,1392,186264.4577739933,0.02511551792232449,0.8071508457609372,8.136515079100247,0.8813419722950181
North America,EVAGO Festival Equipment,False,2023-04-30,24134.434010242454,21943.700780315456,923389,21165,1059,154664.74457040997,0.022921000791649025,1.0367919102440566,7.048252531275472,0.9092279011392076
North America,EVAGO Festival Equipment,False,2023-05-31,25783.750301615863,23708.76585455881,1018887,24258,1100,157340.88600118653,0.023808332032894716,0.9773586385752663,6.63640136169013,0.9195235594983631
North America,EVAGO Festival Equipment,False,2023-06-30,24742.36715970704,22505.965048684753,911798,23542,1046,184555.05059933418,0.02581931524306919,0.9559920588176346,8.200272692155432,0.9096124434421833
North America,EVAGO Festival Equipment,False,2023-07-31,26980.67655843135,24917.2881284798,1087237,26792,1418,185058.34720997006,0.02464228130573187,0.9300271770856897,7.4269056189326355,0.923523473346455
North America,EVAGO Festival Equipment,False,2023-08-31,25376.668647047838,22511.1247061492,1096517,25161,1210,180188.90000751588,0.022946292670337078,0.8946832282559993,8.004437910572056,0.8870795855534017
North America,EVAGO Festival Equipment,False,2023-09-30,22929.59299198845,20146.348089631312,836241,18786,984,147830.13372972034,0.022464815764833345,1.0724128654120788,7.337812941185298,0.8786177799436039
North America,EVAGO Festival Equipment,False,2023-10-31,26934.34663629507,23695.66976106516,1044226,23576,1141,173940.5288961483,0.02257748801504655,1.005075914534491,7.340604028080841,0.8797566200894709
North America,EVAGO Festival Equipment,False,2023-11-30,26032.8738474153,23056.523652970438,1103793,31951,1540,245974.02031375654,0.028946550666655795,0.7216213468426791,10.668304728673483,0.8856695495130527
North America,EVAGO Festival Equipment,False,2023-12-31,23589.91798685316,21137.06999770627,1174025,30121,1541,232572.4618285675,0.025656182789974658,0.701738654018999,11.003060587574605,0.8960213430791119
North America,EVAGO Festival Equipment,False,2024-01-31,26340.96629863018,23648.78981425948,982022,24643,1115,159429.08212809204,0.025094142493752684,0.9596554727208326,6.7415323735492505,0.8977950750230942
North America,EVAGO Festival Equipment,False,2024-02-29,24856.145316001246,21794.886763029303,1028727,27412,1344,212171.91346479792,0.026646525268608678,0.7950856107919635,9.734939932090192,0.8768409777922708
North America,EVAGO Festival Equipment,False,2024-03-31,22889.73892011706,21368.150638523028,1192029,31662,1664,275856.8869332164,0.026561434327520554,0.6748831608402195,12.90972211867015,0.9335253107558708
North America,EVAGO Festival Equipment,False,2024-04-30,21835.597948044488,19771.837122609748,992307,24163,1208,191869.16113058996,0.02435032706611966,0.8182691355630405,9.70416456198606,0.9054864066308035
North America,EVAGO Festival Equipment,False,2024-05-31,25783.102690787287,23288.72122501763,1045865,24323,1208,171386.9645342578,0.02325634761656619,0.9574773352389767,7.359226076790657,0.903255186325541
North America,EVAGO Festival Equipment,False,2024-06-30,23209.92841527073,20936.507322387482,1093892,25254,1353,230515.94514376714,0.023086374157595083,0.8290372741897316,11.01023879457084,0.9020496292703999
North America,EVAGO Festival Equipment,False,2024-07-31,23603.15088638001,21832.728269306106,1128923,30080,1416,255060.40052754985,0.026644864175856105,0.7258220834210807,11.682479504228093,0.9249921069607909
North America,EVAGO Festival Equipment,False,2024-08-31,27193.623437427264,24766.34479883198,1014675,23302,1016,186986.32199205848,0.022964988789513884,1.0628420220938966,7.550016908465114,0.9107408895257937
North America,EVAGO Festival Equipment,False,2024-09-30,19893.612290719157,17377.17863599844,980649,21729,1182,181162.19089447035,0.02215777510607771,0.799722888121793,10.425293696364268,0.8735054439612914
North America,EVAGO Festival Equipment,False,2024-10-31,24954.625037677888,22295.245189575042,1006606,24406,1209,181890.3211673029,0.02424583203358613,0.9135149221328789,8.15825614926865,0.8934313841988182
North America,EVAGO Festival Equipment,False,2024-11-30,25245.909473664513,22685.18958275849,874659,21700,1061,150346.17569079562,0.024809668682309334,1.0454004416017737,6.627503602838029,0.8985689189142795
North America,EVAGO Festival Equipment,False,2024-12-31,25965.103411941767,23100.659349986217,982473,27141,1298,201161.93302126764,0.027625186646350587,0.8511351589840543,8.708060232115741,0.8896810069842377
North America,EVAGO Sports Events,False,2023-01-31,20808.14429345134,19124.710445063993,892295,20718,957,114402.38934030884,0.023218778542970653,0.9230963628276857,5.98191484618454,0.9190973580033683
North America,EVAGO Sports Events,False,2023-02-28,22214.618036325493,21015.37999743312,1023068,26663,1370,199113.09648666438,0.026061806253347773,0.7881851253584787,9.47463698067723,0.9460158154899908
North America,EVAGO Sports Events,False,2023-03-31,25423.273476550552,21754.85632917265,1015932,29733,1645,219058.01786080538,0.029266722575920435,0.7316737742297329,10.069384717887322,0.8557063412482461
North America,EVAGO Sports Events,False,2023-04-30,25445.678756650042,23308.836625049687,1002242,21760,1041,150399.84437294834,0.021711323213355657,1.0711781537247098,6.452481811611125,0.916023378584786
North America,EVAGO Sports Events,False,2023-05-31,24841.74711667115,23101.867247902625,1106580,24041,1182,190308.24075936156,0.021725496575032983,0.9609362026497493,8.237786093963434,0.9299614531700588
North America,EVAGO Sports Events,False,2023-06-30,27328.83505950479,24274.18148619753,881859,21801,1062,160752.8285832445,0.024721639173609387,1.1134434881976758,6.622378953319175,0.8882259867039275
North America,EVAGO Sports Events,False,2023-07-31,22221.00574197567,20284.137426493562,934481,24968,1115,168097.9636542181,0.02671857426742759,0.8124053759409469,8.287163516978623,0.912836154313963
North America,EVAGO Sports Events,False,2023-08-31,24713.754993890452,23433.06612023184,930156,21592,1063,165353.77979960432,0.023213310455450484,1.0852661226487514,7.056429532149007,0.9481791061708261
North America,EVAGO Sports Events,False,2023-09-30,19598.833485343872,17837.746041093025,930062,22674,1145,156993.2839517708,0.024379019893297438,0.786704862004632,8.80118393826796,0.9101432518640562
North America,EVAGO Sports Events,False,2023-10-31,24200.60834085908,22586.807990576122,923372,20784,1115,181145.3520963285,0.022508804685435556,1.086740184304086,8.019962456488214,0.9333157114253902
North America,EVAGO Sports Events,False,2023-11-30,23467.517867165003,20316.818179817463,1086234,25167,1298,208757.00582218284,0.023169040924883588,0.8072800961504137,10.275083626508017,0.8657420991354225
North America,EVAGO Sports Events,False,2023-12-31,22916.572093190818,20721.891529433615,1095293,30999,1519,255231.08621830802,0.02830201599024188,0.6684696773906776,12.316978199397234,0.9042317256336384
North America,EVAGO Sports Events,False,2024-01-31,24932.125283261812,23039.0568540005,913724,24440,1260,176896.4178424361,0.02674768310780936,0.9426782673486294,7.678110217941486,0.9240711167718934
North America,EVAGO Sports Events,False,2024-02-29,21005.30996946105,19214.053645635624,853555,22690,991,165147.10992171257,0.02658293841638793,0.8468071240914775,8.59512068444885,0.9147236424299534
North America,EVAGO Sports Events,False,2024-03-31,27438.284902426745,24283.67626381667,1076065,28165,1381,225343.104815986,0.02617406941030514,0.8621933699207055,9.279612459327392,0.8850289422306031
North America,EVAGO Sports Events,False,2024-04-30,23937.413434282716,20759.926020491934,996358,25896,1249,179676.51443400394,0.025990657976349866,0.8016653545138992,8.654968917357744,0.8672585313983823
North America,EVAGO Sports Events,False,2024-05-31,26581.405774737,24348.494259400657,1040182,27577,1338,196168.02560531005,0.026511706605190245,0.8829275939877672,8.056679953815705,0.9159972375329185
North America,EVAGO Sports Events,False,2024-06-30,22023.681716609557,20216.4306868079,835820,22254,941,143595.79137480503,0.026625349955732094,0.9084403112612519,7.102925021700667,0.9179405581202762
North America,EVAGO Sports Events,False,2024-07-31,24219.45705100626,22395.408964887803,939053,26838,1289,220907.91675443266,0.028579856515020985,0.8344663896299204,9.86398226086332,0.9246866648464909
North America,EVAGO Sports Events,False,2024-08-31,24044.13036360575,20589.813796317805,883387,23374,1255,201449.70543038184,0.026459524534547148,0.8808853339744077,9.783949841567205,0.8563343104928199
North America,EVAGO Sports Events,False,2024-09-30,22786.155394446552,20480.760447771016,1086025,26049,1394,183616.19519371635,0.023985635689786147,0.7862397960678343,8.965301638186968,0.8988247509609538
North America,EVAGO Sports Events,False,2024-10-31,23040.6444678006,21410.695246857005,1004401,25448,1284,177419.7658510968,0.02533649408951206,0.8413508034759904,8.286501853653782,0.9292576549574619
North America,EVAGO Sports Events,False,2024-11-30,27402.365728963774,24478.21070619203,941397,22167,1019,148488.60575055933,0.023546920162269478,1.1042635767669071,6.0661544069884785,0.893288227312397
North America,EVAGO Sports Events,False,2024-12-31,25894.240049238375,22987.796109040115,1182821,27165,1245,183566.5764807458,0.02296628145763391,0.8462284597474734,7.985392580046286,0.8877571253424853
North America,EVAGO-Mojo Brand Transition,True,2023-01-31,23917.9260648059,22036.173317474782,985483,24326,1141,134975.6721141652,0.024684342601546654,0.9058691653981248,6.125186536227182,0.9213245854915478
North America,EVAGO-Mojo Brand Transition,True,2023-02-28,22192.242671272423,19147.426866605776,753488,18236,939,110826.24802898054,0.02420211071709171,1.0499795386381758,5.788049161961702,0.8627981926041156
North America,EVAGO-Mojo Brand Transition,True,2023-03-31,21594.135130097387,18780.648103279724,1006706,24303,1227,189114.75321862436,0.024141109718229553,0.7727707732905289,10.06966065167893,0.8697105945726766
North America,EVAGO-Mojo Brand Transition,True,2023-04-30,28003.22811418664,25827.183469307238,1025392,23552,1331,206502.38764800335,0.022968776819011657,1.0966025589889283,7.995544225463403,0.9222930786405656
North America,EVAGO-Mojo Brand Transition,True,2023-05-31,28141.40344290908,25011.27134374838,963516,21315,1030,161818.43134120136,0.022122102798500493,1.1734117449565273,6.469820310899478,0.8887712865667539
North America,EVAGO-Mojo Brand Transition,True,2023-06-30,30335.43629358553,25883.55014570872,944306,23996,1292,188121.1635835404,0.025411254402704208,1.078661032910015,7.267981498848965,0.8532446969019474
North America,EVAGO-Mojo Brand Transition,True,2023-07-31,29080.853809437078,25938.67438585073,1045425,27888,1345,169999.4828050362,0.026676232154386973,0.9301016346045156,6.553900183032065,0.8919502348804259
North America,EVAGO-Mojo Brand Transition,True,2023-08-31,31378.935608822427,28075.97726345677,944697,23392,1125,158486.6316883263,0.024761378516074465,1.200238426105368,5.644919505423944,0.8947396308612519
North America,EVAGO-Mojo Brand Transition,True,2023-09-30,24964.244633788276,21853.36108574681,950223,24660,1234,160893.89771297158,0.025951802892584162,0.8861865809305275,7.362432583329698,0.8753864339307511
North America,EVAGO-Mojo Brand Transition,True,2023-10-31,32490.580206401788,28740.888551577627,931591,21625,983,148438.47168921062,0.02321297651007792,1.3290584301307573,5.164714077048346,0.8845914221597884
North America,EVAGO-Mojo Brand Transition,True,2023-11-30,30924.449451343087,25908.494573667027,1096060,27482,1430,180632.17803192724,0.025073444884404137,0.942744144300525,6.9719287440003885,0.8377997032552439
North America,EVAGO-Mojo Brand Transition,True,2023-12-31,34480.59600608158,29145.402216081624,1143637,26657,1210,183020.28424989263,0.02330896954190884,1.0933489220873176,6.279559393038917,0.8452696760502937
North America,EVAGO-Mojo Brand Transition,True,2024-01-31,33734.91800513737,29584.526270765124,975239,21929,1115,161324.50565023327,0.02248577015480308,1.3491051242995633,5.453002835798359,0.8769704513957853
North America,EVAGO-Mojo Brand Transition,True,2024-02-29,28905.16571994919,23901.94926321802,911872,18932,966,137079.6273064623,0.020761685850645705,1.2625158072690692,5.73508151142342,0.8269092623372108
North America,EVAGO-Mojo Brand Transition,True,2024-03-31,31118.844451271936,27176.714576799724,1049913,27712,1386,194360.16395993903,0.026394567930866652,0.9806839844399439,7.151716717290795,0.8733201716199624
North America,EVAGO-Mojo Brand Transition,True,2024-04-30,34974.16793043157,29835.57794093323,843018,21860,1080,156407.14054556665,0.025930644422776265,1.3648480302348232,5.242303026782741,0.8530747036006775
North America,EVAGO-Mojo Brand Transition,True,2024-05-31,32952.35252508698,27629.125624822085,1028182,24967,1185,196443.45902873762,0.024282665909342898,1.1066257710106173,7.11001360290071,0.8384568477709667
North America,EVAGO-Mojo Brand Transition,True,2024-06-30,32188.598474861144,27207.387609250076,923950,23353,1266,182188.28005270922,0.02527517722820499,1.1650489277287748,6.696279799783795,0.8452492155102271
North America,EVAGO-Mojo Brand Transition,True,2024-07-31,32258.825074172884,27625.59006623244,923409,23523,1178,169448.6230116299,0.025474085697670262,1.1744076038869378,6.133755789663725,0.8563731010882378
North America,EVAGO-Mojo Brand Transition,True,2024-08-31,28808.438726142835,24455.00727570221,968021,23441,1370,237724.49879899385,0.02421538375717056,1.0432578505909393,9.720892581176619,0.8488834646047649
North America,EVAGO-Mojo Brand Transition,True,2024-09-30,28379.049943543985,25093.081968605922,1124226,28207,1238,210574.7611759096,0.025090150912716838,0.8896047778425895,8.391745638872129,0.8842114876475773
North America,EVAGO-Mojo Brand Transition,True,2024-10-31,37474.87967011186,33629.797448972655,1120731,24433,1189,188134.7725096505,0.021800949558814738,1.3764088506926146,5.594288005900487,0.8973957420280696
North America,EVAGO-Mojo Brand Transition,True,2024-11-30,32362.16342516703,28763.39584929016,987761,25865,1208,193999.96440040285,0.026185484140394285,1.1120586061971838,6.744682214050553,0.8887970643804912
North America,EVAGO-Mojo Brand Transition,True,2024-12-31,29602.65382247925,25129.57782154735,1108166,26119,1456,206497.2200597208,0.023569573511549712,0.9621186807131724,8.217297621397355,0.8488961149309122
North America,EVAGO-Mojo Partnership,True,2023-01-31,24428.83512779502,22471.35982768616,1018267,26653,1320,206382.30238044128,0.026174863763629774,0.8431080864325277,9.184237356484543,0.9198702971357953
North America,EVAGO-Mojo Partnership,True,2023-02-28,20624.43607092664,17913.56032672265,1028641,26148,1176,156150.37193425963,0.02541994728967638,0.6850833840723057,8.716880903977613,0.8685600064466542
North America,EVAGO-Mojo Partnership,True,2023-03-31,26585.64299409589,23451.340518385303,938667,25624,1260,201161.2870071275,0.027298285760551932,0.9152099796435101,8.577816131637412,0.8821054478010312
North America,EVAGO-Mojo Partnership,True,2023-04-30,21767.09132583382,18852.08389273956,1046827,23408,1126,165339.67369106953,0.022360905861235906,0.8053692708791678,8.770365898633957,0.8660819036655282
North America,EVAGO-Mojo Partnership,True,2023-05-31,23934.248998015453,21704.89457191458,897243,21409,1042,168013.95625691614,0.023860871581054408,1.0138210365694138,7.740832635709766,0.9068550500044634
North America,EVAGO-Mojo Partnership,True,2023-06-30,28714.04877505669,25308.860225102508,823994,18558,966,112939.7921432376,0.022522008655402832,1.3637708926124856,4.462460622040129,0.8814103654754463
North America,EVAGO-Mojo Partnership,True,2023-07-31,32971.97804561514,28893.41514603577,977174,23761,1267,210430.08178832283,0.024316037880664037,1.2160016474910893,7.282977132497064,0.876302146812761
North America,EVAGO-Mojo Partnership,True,2023-08-31,36171.0327772705,31094.121188344656,1055663,25143,1220,208707.132075054,0.02381725986418014,1.2366909751558945,6.71210904501414,0.8596415087125706
North America,EVAGO-Mojo Partnership,True,2023-09-30,31375.27977787729,27605.573901891046,716772,17429,842,136464.07161921862,0.024315961002940964,1.5838874233685838,4.943352096363065,0.8798510833154621
North America,EVAGO-Mojo Partnership,True,2023-10-31,31663.200325027137,25996.95721805596,975509,23989,1284,173862.9254810834,0.024591264662858058,1.0837032480743658,6.687818271298628,0.821046418277167
North America,EVAGO-Mojo Partnership,True,2023-11-30,30123.46351842085,26293.688083340876,1063374,24254,1151,211578.1970323199,0.022808532087487562,1.084096977131231,8.046729555842392,0.8728640405928747
North America,EVAGO-Mojo Partnership,True,2023-12-31,36583.439745946685,31525.36644119418,919921,23768,1250,184342.08423152953,0.025837001220757,1.3263785947994857,5.84742082460459,0.8617387173027402
North America,EVAGO-Mojo Partnership,True,2024-01-31,31155.451948174312,27660.722900329383,841804,21613,1160,169120.8457871576,0.025674622596233803,1.2798187618715302,6.114115180451185,0.887829293773101
North America,EVAGO-Mojo Partnership,True,2024-02-29,33354.360806822784,29239.124119528125,873805,21221,1078,149449.6456234241,0.02428573880900201,1.3778391272573454,5.111290099268404,0.8766207300110255
North America,EVAGO-Mojo Partnership,True,2024-03-31,29999.537962582603,25085.97103783687,1034871,25677,1245,194971.77061365615,0.02481178813591259,0.976982164498846,7.772143654299152,0.8362119133009895
North America,EVAGO-Mojo Partnership,True,2024-04-30,24932.718695550055,21703.782954249593,860564,23191,1076,181575.66703947025,0.02694860579805802,0.935870939340675,8.366083803096538,0.8704940371433799
North America,EVAGO-Mojo Partnership,True,2024-05-31,33480.18517057451,29720.84251071909,1002255,24794,1276,185853.58481777032,0.02473821532444338,1.1987110797257035,6.2533080867657285,0.88771440060136
North America,EVAGO-Mojo Partnership,True,2024-06-30,35762.67830251348,31139.105643938827,871140,24326,1299,193570.54468550842,0.027924329040108362,1.2800750490807706,6.216316772193057,0.870715145564204
North America,EVAGO-Mojo Partnership,True,2024-07-31,32384.743788430696,28660.98347380193,894190,22944,1185,187385.62544436727,0.025658976280208905,1.2491711765081037,6.538004029612255,0.8850149830131105
North America,EVAGO-Mojo Partnership,True,2024-08-31,34977.98650331431,30438.591280212146,929728,21925,1052,132781.962125174,0.023582165966820404,1.388305189519368,4.362289992424661,0.8702213684406324
North America,EVAGO-Mojo Partnership,True,2024-09-30,34748.647042789205,30247.03967764469,972469,23974,1221,188501.87577319742,0.02465271386542913,1.2616601183634224,6.232076850565889,0.8704522981973579
North America,EVAGO-Mojo Partnership,True,2024-10-31,35337.781961659544,30692.405631444453,841421,21849,1149,185138.3732444669,0.025966787137473392,1.404751047253625,6.0320580754606,0.8685436359515946
North America,EVAGO-Mojo Partnership,True,2024-11-30,33222.19611793306,28468.54868835477,1082705,22993,1264,178029.00457376512,0.021236624934769858,1.2381398116102627,6.253532855596146,0.8569135100911552
North America,EVAGO-Mojo Partnership,True,2024-12-31,31597.39002820026,26498.526599378747,1032460,29352,1334,189326.13804065896,0.028429188539991865,0.9027843622028736,7.144779817497388,0.8386302341974814
North America,Mojo Equipment Integration,True,2023-01-31,23244.928678122757,20431.970962161784,864474,21306,1013,141351.4684926687,0.024646201042483638,0.9589773285535429,6.918151398826829,0.8789861756552335
North America,Mojo Equipment Integration,True,2023-02-28,24175.18342013777,20849.243495464627,779821,17176,773,109742.46808838671,0.022025567405853395,1.2138590763544845,5.263618706945371,0.8624233840599258
North America,Mojo Equipment Integration,True,2023-03-31,27023.03619177411,24404.30399580048,934076,24438,1259,211327.44964780097,0.026162753351975643,0.9986211635895115,8.659433585328491,0.9030925993145515
North America,Mojo Equipment Integration,True,2023-04-30,27026.305198728987,24029.24326764441,952742,24014,1183,191466.6797350152,0.025205144729632995,1.0006347658717587,7.968069472783888,0.8891057468252995
North America,Mojo Equipment Integration,True,2023-05-31,22725.854047958594,20084.376607816826,890442,23525,1152,173193.0013115659,0.02641946359223846,0.8537460832228194,8.623269952235376,0.8837677371962598
North America,Mojo Equipment Integration,True,2023-06-30,31804.857561865778,27831.261389316653,896810,24793,1245,183904.62323968182,0.027645766661834725,1.1225451292427964,6.607843628326372,0.8750632300484348
North America,Mojo Equipment Integration,True,2023-07-31,27453.272958041034,23926.476481261907,1011086,29805,1582,237773.2913619713,0.0294782046235434,0.8027672028606578,9.937664308749522,0.8715345714090482
North America,Mojo Equipment Integration,True,2023-08-31,34160.0941011663,28240.18827504511,1152697,28557,1428,192593.81267189397,0.024774073325427238,0.9889059871500897,6.819848748745154,0.8267011265077554
North America,Mojo Equipment Integration,True,2023-09-30,28516.29242360798,25069.381597746335,925687,24515,1073,162163.78523762833,0.026483033682011305,1.0226139750253451,6.468599339211718,0.8791248604601898
North America,Mojo Equipment Integration,True,2023-10-31,35397.498555592276,30674.743222819976,1140012,28962,1384,210788.69363418687,0.02540499573688698,1.0591376017823346,6.871734576652432,0.8665794046052394
North America,Mojo Equipment Integration,True,2023-11-30,30982.572516478533,26692.429656060765,901206,21351,1039,144619.2978520364,0.023691586607279578,1.2501723411578272,5.4179892844336575,0.8615304504448108
North America,Mojo Equipment Integration,True,2023-12-31,29768.867576750377,25203.1675517103,896936,23093,1183,154340.2878296994,0.025746541559263984,1.0913769346429785,6.123844850574181,0.8466283605424779
North America,Mojo Equipment Integration,True,2024-01-31,33638.75690909932,28575.652955574988,1119346,27828,1412,258088.31220968784,0.02486094558787006,1.0268669309894707,9.031755551165311,0.8494859971429337
North America,Mojo Equipment Integration,True,2024-02-29,38725.49914520292,33010.122384631155,894618,21250,951,126760.46967645832,0.023753154977878825,1.5534175239826427,3.8400484614826946,0.8524130899090102
North America,Mojo Equipment Integration,True,2024-03-31,29772.36679303851,24533.68616306703,1033792,24853,1111,169735.47584489526,0.024040619389587074,0.9871518996928752,6.918466092568461,0.8240421842714766
North America,Mojo Equipment Integration,True,2024-04-30,32702.378865908082,29630.800353374474,810947,20386,1030,150376.95363370868,0.025138510901452252,1.4534877049629389,5.075021661255368,0.9060747682874013
North America,Mojo Equipment Integration,True,2024-05-31,30363.470375859444,25032.07991024005,833501,21201,1007,151941.12100869912,0.025436082260249238,1.1807027928041154,6.069856022892588,0.8244143241986551
North America,Mojo Equipment Integration,True,2024-06-30,33005.20690600537,28269.42789595269,861802,22575,986,141275.0180445482,0.026195112102315846,1.2522448680377714,4.997448783347131,0.8565141850635999
North America,Mojo Equipment Integration,True,2024-07-31,33188.83568256863,29083.316589704235,1076732,27042,1382,229853.36619916157,0.02511488466953708,1.0754868940797364,7.903272155711835,0.8762981885797011
North America,Mojo Equipment Integration,True,2024-08-31,36868.05360996901,34074.689228739706,992518,24722,1342,197689.8271400452,0.02490836438230843,1.3783144255618358,5.80166192604061,0.9242334729470507
North America,Mojo Equipment Integration,True,2024-09-30,31598.0958614578,27749.180608719278,966234,22568,1049,168740.4708609097,0.023356661015861584,1.2295808493760758,6.080917243656863,0.8781915445280585
North America,Mojo Equipment Integration,True,2024-10-31,28739.075702046874,24711.831013260733,869949,20138,1061,148516.40121044547,0.023148483416843977,1.2271243923557817,6.009931078387084,0.8598686773875852
North America,Mojo Equipment Integration,True,2024-11-30,27456.347032635134,23803.77203892824,963701,24327,1158,169179.13333893244,0.02524330679328962,0.9784918830488034,7.107240527352559,0.8669679185885372
North America,Mojo Equipment Integration,True,2024-12-31,27578.4648498218,22965.334911193633,1032615,25648,1290,196882.78636828912,0.02483791151590864,0.8954045115094211,8.573042245176474,0.8327270947186904
North America,Mojo Legacy Support,True,2023-01-31,22258.67041673896,19125.24271342799,1117414,28147,1524,207426.13915099908,0.02518941054971568,0.6794771277019928,10.845673556098898,0.8592266454084979
North America,Mojo Legacy Support,True,2023-02-28,23417.8444980551,21253.01315376609,969516,22628,1070,172983.27480475852,0.023339480730591347,0.9392351579355704,8.139235295871703,0.9075563361748002
North America,Mojo Legacy Support,True,2023-03-31,24885.076468021613,22004.645669221045,1110500,27232,1287,238074.0201190717,0.024522287257991895,0.8080436864431935,10.81926170036345,0.8842506751987664
North America,Mojo Legacy Support,True,2023-04-30,24709.01105011486,21924.347753230813,883503,23268,1100,144950.78321466956,0.026336073561719655,0.9422532127054674,6.6114068635546674,0.8873017098403417
North America,Mojo Legacy Support,True,2023-05-31,21854.34715291634,19680.874988448384,953839,24445,1237,167283.6694308533,0.025628014790756094,0.8051084061545667,8.49980854657325,0.9005473762606577
North America,Mojo Legacy Support,True,2023-06-30,31774.666810035113,27025.783036955414,982105,25691,1330,194968.17872403518,0.026159117405980013,1.0519552776052086,7.21415466325002,0.8505449702597699
North America,Mojo Legacy Support,True,2023-07-31,30376.49336304943,27394.586715555313,1145756,30305,1277,192413.7701782279,0.02644978512004301,0.9039626040440625,7.023788027032752,0.9018350600296291
North America,Mojo Legacy Support,True,2023-08-31,35303.592869956316,31146.570152489705,983382,22268,1075,170024.71891029694,0.02264430302771456,1.3987143053929272,5.458858489967827,0.8822493015716745
North America,Mojo Legacy Support,True,2023-09-30,26229.844193776236,22953.733484758064,871555,21563,1085,172041.34819943187,0.02474083678023762,1.0644962892342469,7.495135739624765,0.875099879175206
North America,Mojo Legacy Support,True,2023-10-31,37885.68820374321,33197.82616550237,1063396,25908,1224,177416.83064957304,0.024363454442183345,1.281373558958714,5.344230365117591,0.8762629831869422
North America,Mojo Legacy Support,True,2023-11-30,30257.961425432106,26853.954573416333,1004460,22972,1071,153684.2688394514,0.02286999980088804,1.1689863561473242,5.722965994423362,0.8875004563541193
North America,Mojo Legacy Support,True,2023-12-31,31160.168055615282,27868.640793658506,943205,23675,1092,157367.37988283593,0.025100587889165134,1.1771337188451323,5.6467547537748874,0.8943674740109876
North America,Mojo Legacy Support,True,2024-01-31,33213.09154264145,28217.696898861213,946238,21771,1058,182411.93683571063,0.0230079536015252,1.2961139542906257,6.464451634359722,0.8495956139052344
North America,Mojo Legacy Support,True,2024-02-29,32910.33702440633,28172.087221989164,959397,25295,1248,222403.6650278332,0.02636551917506517,1.1137413410551162,7.8944688505096074,0.8560254852782796
North America,Mojo Legacy Support,True,2024-03-31,28466.49671390817,23322.84983234117,988358,24057,1156,179036.7404071315,0.02434037059446071,0.9694828878223041,7.676452135744838,0.8193087497467183
North America,Mojo Legacy Support,True,2024-04-30,33779.04455067414,30064.884496942657,928333,22250,1067,178976.77562581137,0.023967692627537746,1.3512307639075352,5.95301723657085,0.8900454378406225
North America,Mojo Legacy Support,True,2024-05-31,39914.76648967064,34459.9590999887,1154330,31774,1595,241166.71199609016,0.02752592412914851,1.084533237867083,6.998461933640811,0.8633386120123347
North America,Mojo Legacy Support,True,2024-06-30,31067.357457315382,28268.284066606648,1016702,25771,1312,180745.49021444845,0.025347643655663114,1.0969028779095358,6.393932146308211,0.9099030744872818
North America,Mojo Legacy Support,True,2024-07-31,31110.750253067108,28078.12230884357,1045741,20915,935,144713.21326425028,0.020000172126750315,1.3424873205280214,5.1539491021688075,0.9025215425679244
North America,Mojo Legacy Support,True,2024-08-31,27637.707466792523,24315.47526675646,993969,24808,1178,165875.19985970025,0.024958524863451476,0.980146536067255,6.821795504300954,0.8797934957511285
North America,Mojo Legacy Support,True,2024-09-30,32224.7413378623,27241.24734867869,1182133,28398,1434,189419.17023835646,0.024022677651330263,0.9592664042777199,6.953395628836505,0.8453519320160291
North America,Mojo Legacy Support,True,2024-10-31,30649.985239257636,26525.31530821847,1039833,24814,1230,196539.46580893095,0.023863447303557397,1.0689657172651919,7.409505354608779,0.86542669111122
North America,Mojo Legacy Support,True,2024-11-30,30999.59632097327,25887.160219911457,948822,22063,1080,151304.32747861164,0.02325304430124934,1.1733291129905932,5.84476343458615,0.835080558852216
North America,Mojo Legacy Support,True,2024-12-31,30849.338194168282,26477.02000681926,1060473,27236,1333,224293.2774424951,0.02568287924350738,0.9721332063011918,8.471243266225862,0.8582686552356719
North America,Mojo-EVAGO Joint Events,True,2023-01-31,28966.586258504423,26818.36345206326,941779,22695,1052,177314.3470400693,0.024098010255059837,1.1816859859908904,6.611676635563968,0.9258379020824223
North America,Mojo-EVAGO Joint Events,True,2023-02-28,21567.855053619336,19262.537144471713,810416,22755,1195,178455.27463407378,0.02807817219798227,0.8465188813215431,9.264370175934475,0.8931132510202602
North America,Mojo-EVAGO Joint Events,True,2023-03-31,24435.022248847596,21724.556323522072,971773,25936,1161,197746.26703048157,0.02668936058112337,0.8376216966194506,9.10243063589628,0.8890745464554118
North America,Mojo-EVAGO Joint Events,True,2023-04-30,22180.66977454501,19928.761914953328,956234,21733,1046,158721.05565981413,0.022727700541917563,0.9169816369094616,7.964421289047541,0.8984743074721747
North America,Mojo-EVAGO Joint Events,True,2023-05-31,26182.880288866138,22859.156787679083,1046693,27989,1472,224483.0892217752,0.02674041003426984,0.8167193107177493,9.820269894765756,0.8730573770143839
North America,Mojo-EVAGO Joint Events,True,2023-06-30,29470.729038952377,25423.713869900792,874002,21396,1007,150356.39632584993,0.024480493179649475,1.1882461146896985,5.914021731650202,0.8626767880868329
North America,Mojo-EVAGO Joint Events,True,2023-07-31,32430.335105381353,28801.569289818475,1018850,28872,1400,199101.69681917594,0.028337831869264366,0.9975605877604071,6.912876684450648,0.8881058180937287
North America,Mojo-EVAGO Joint Events,True,2023-08-31,31920.94279247157,27471.122310434417,956383,25278,1462,230187.6286274422,0.02643083367228401,1.0867601198842636,8.3792582635042,0.8605987137984337
North America,Mojo-EVAGO Joint Events,True,2023-09-30,33367.6084135345,27364.309743324102,916185,22563,1031,176714.91043117814,0.024627122251510338,1.2127957161425387,6.457861063873177,0.8200860368591669
North America,Mojo-EVAGO Joint Events,True,2023-10-31,28407.12802272783,24158.299211401645,1067079,24981,1171,193125.31796407027,0.02341063782531565,0.9670669393299566,7.994160361790854,0.8504308915731712
North America,Mojo-EVAGO Joint Events,True,2023-11-30,35234.59954805421,30235.265353789186,1118888,29941,1427,186187.06882261392,0.0267596041784343,1.009828173868247,6.157943932160011,0.8581129271116944
North America,Mojo-EVAGO Joint Events,True,2023-12-31,32866.17311906033,28540.99559158897,1073342,24150,1247,220834.5773717246,0.022499818324448313,1.1818217636268724,7.737451788009965,0.8684003302787014
North America,Mojo-EVAGO Joint Events,True,2024-01-31,30880.88785748528,27399.416904635433,1067795,29892,1515,227184.1488899657,0.027994137451477108,0.9166137061633692,8.291568746907554,0.8872613064456965
North America,Mojo-EVAGO Joint Events,True,2024-02-29,35498.68414451326,30442.59305258657,1131281,29916,1403,202489.15086188735,0.02644435820985237,1.0176023884405192,6.651507987907185,0.8575696194443825
North America,Mojo-EVAGO Joint Events,True,2024-03-31,36305.35077744317,31443.19013581996,931595,23721,1204,170878.91709207272,0.025462781573537856,1.3255423521698058,5.4345286325578055,0.8660759216615499
North America,Mojo-EVAGO Joint Events,True,2024-04-30,32370.550177440076,29261.74432589987,972889,26935,1418,239220.7250710831,0.02768558386414072,1.0863836764766983,8.175203856844119,0.9039619087565951
North America,Mojo-EVAGO Joint Events,True,2024-05-31,27344.667054656282,23203.563666247177,909237,19601,1022,144288.94745668286,0.021557635687944946,1.183794891395703,6.2183959986530555,0.8485590122515698
North America,Mojo-EVAGO Joint Events,True,2024-06-30,28601.86428713079,24301.65345552644,1023333,23660,1100,162613.87336143304,0.023120528703755278,1.027119757207373,6.691473634048263,0.8496527782792397
North America,Mojo-EVAGO Joint Events,True,2024-07-31,38417.249206505454,33196.40076495752,1020868,28955,1492,241772.84156429907,0.02836311844430426,1.146482499221465,7.283104071315981,0.8641014505363427
North America,Mojo-EVAGO Joint Events,True,2024-08-31,28766.758705219658,24476.53189412593,968327,23245,1079,166250.88384149014,0.02400532051672627,1.0529805073833483,6.792256540289858,0.8508616540689626
North America,Mojo-EVAGO Joint Events,True,2024-09-30,32870.33325625395,27599.497688501542,1046811,25256,1256,186162.69770788253,0.02412660929241286,1.092789740596355,6.745148038887727,0.839647638292515
North America,Mojo-EVAGO Joint Events,True,2024-10-31,36148.63584245559,31254.658099556455,1036606,24101,1261,227211.25999220874,0.02324991366054219,1.2968199701073173,7.269676707659559,0.8646151471876211
North America,Mojo-EVAGO Joint Events,True,2024-11-30,30329.04233769393,26384.87919588602,965324,23739,976,126920.28450297996,0.02459174329033568,1.1114570620449902,4.81034169460096,0.869954247223099
North America,Mojo-EVAGO Joint Events,True,2024-12-31,35832.87622655511,30890.881329085492,1162836,31524,1582,222672.77403584422,0.027109583810614738,0.979916296443519,7.2083658495746885,0.8620821039811704
North America,Unified Rental Solutions,False,2023-01-31,27756.688963493023,26014.21526790164,1060114,26071,1452,197004.07351847246,0.024592638150236674,0.9978219196770987,7.57293931374326,0.9372232870468387
North America,Unified Rental Solutions,False,2023-02-28,22572.28809260476,20909.459626607157,836240,21724,1024,131618.39858196813,0.02597818807997704,0.9625050463361792,6.294681973248344,0.9263331896538045
North America,Unified Rental Solutions,False,2023-03-31,29012.82057497121,26319.435425239506,1093251,26031,1545,245862.85385214363,0.023810634520343453,1.0110804588851563,9.341494218237255,0.9071656910167764
North America,Unified Rental Solutions,False,2023-04-30,21082.312905588016,19351.90991384147,957180,24300,1286,190364.88560412926,0.025387074531436092,0.7963748935737232,9.83700763654189,0.9179215772246749
North America,Unified Rental Solutions,False,2023-05-31,26789.32291591076,23728.63662956403,991809,22447,1001,145469.96952880008,0.022632381839648563,1.0570961210658008,6.1305658559226215,0.8857497706846139
North America,Unified Rental Solutions,False,2023-06-30,22534.615330896893,20155.133109803108,889517,21816,1150,155795.77512043496,0.02452566954875511,0.9238693211314223,7.7298311190343165,0.8944076840827493
North America,Unified Rental Solutions,False,2023-07-31,27096.09945148647,25356.07723982815,998318,21813,1121,154133.50967117422,0.021849751281655744,1.1624296171928736,6.078760062659395,0.9357832954970624
North America,Unified Rental Solutions,False,2023-08-31,24429.34479910284,21768.770977842978,909095,22239,1061,164634.1910709285,0.024462789917445372,0.9788556579811583,7.562861093007914,0.8910910692390911
North America,Unified Rental Solutions,False,2023-09-30,22089.597665171626,20124.05824974407,1038700,26012,1386,205364.83247838385,0.025042842014056033,0.7736451733716773,10.204941266307237,0.911019682421532
North America,Unified Rental Solutions,False,2023-10-31,22130.887171376726,19043.8647748038,1126966,27575,1284,171505.10755557625,0.024468351307847795,0.6906206627308721,9.005793182405288,0.8605106802692678
North America,Unified Rental Solutions,False,2023-11-30,26164.499935254535,23532.209688609215,1055463,26390,1167,186173.7619848288,0.025003245021379242,0.8917093478063363,7.911444120564095,0.8993945898771594
North America,Unified Rental Solutions,False,2023-12-31,24985.510088649025,22144.693437589955,1080944,26452,1101,150076.39085202815,0.024471202948533874,0.8371651836379085,6.777081438268094,0.8863014346723439
North America,Unified Rental Solutions,False,2024-01-31,22002.88617507901,20463.737022979152,1082990,30174,1493,218629.020724504,0.027861753109446993,0.6781910592887636,10.68372900213685,0.9300478519112128
North America,Unified Rental Solutions,False,2024-02-29,23216.03113427759,21173.22456777314,868096,20410,1019,143902.55011893253,0.023511224565025066,1.0373946383034365,6.796439987603987,0.9120087944968198
North America,Unified Rental Solutions,False,2024-03-31,26652.674450353028,23808.29777455472,1017229,27498,1289,194547.55493510846,0.02703226117226308,0.8658192513839087,8.171418081935807,0.8932798777437274
North America,Unified Rental Solutions,False,2024-04-30,26509.29212621212,24598.112687141445,948893,23292,1082,128764.56337921598,0.024546497866461233,1.0560755919260452,5.234733453616833,0.9279053009046243
North America,Unified Rental Solutions,False,2024-05-31,28953.562980833492,27013.61969022433,1068297,28929,1544,240927.78551794356,0.02707954810319602,0.9337903035094309,8.918752402704861,0.9329981152270151
North America,Unified Rental Solutions,False,2024-06-30,26329.74980353534,23764.32921387251,918094,23705,1385,174223.0211564352,0.025819796230015662,1.0025028143375874,7.33128293201442,0.9025657057584966
North America,Unified Rental Solutions,False,2024-07-31,26314.78860026797,23264.51078543042,985397,26749,1383,180197.21542129034,0.02714540433957075,0.8697338511880974,7.745583695408728,0.8840850344202845
North America,Unified Rental Solutions,False,2024-08-31,23382.318810664627,21354.56710623355,964659,21907,992,145005.25319643243,0.02270957923991794,0.974782813997058,6.790362570923031,0.9132784168734273
North America,Unified Rental Solutions,False,2024-09-30,24792.654286805522,21834.51922390102,886393,24112,1153,176885.62275917488,0.02720238088522811,0.9055457541432076,8.101191555688029,0.8806850194947138
North America,Unified Rental Solutions,False,2024-10-31,26773.061873957744,23313.52589340784,844168,20683,1075,145147.12332021684,0.02450104718492054,1.1271829953782257,6.225876085146726,0.870782953521091
North America,Unified Rental Solutions,False,2024-11-30,23417.112375156987,20703.529592451017,820616,21143,1146,155514.69590010488,0.025764791327490568,0.9792143779241838,7.511506441723305,0.8841196668815244
North America,Unified Rental Solutions,False,2024-12-31,27590.55332033752,24240.643812981772,988533,22550,1179,158689.74461532885,0.02281158039235918,1.074973118092318,6.546432753174012,0.8785849102603366
